1544 2693
384 205 971 246 THEOLOGICA.
1151 220 1222 258 223

122 326 261 362 cuique
271 315 509 354 consideranti
524 344 536 362 ‚
551 326 646 362 quae
658 316 880 363 protulimus
902 315 1102 354 Particulae
1123 317 1226 365 prio·

124 385 176 422 ris
205 388 238 434 ς.
271 398 308 423 2.
338 398 375 433 5.
405 399 442 434 7.
471 397 580 435 pagg.
613 398 697 425 111.
733 396 945 433 127—120.
978 397 1065 433 129.
1098 397 1183 434 130.

175 454 361 493 Consulto
396 467 546 504 quoque
573 466 720 493 nostros
740 456 935 503 scriptores
957 456 993 494 se
1015 455 1226 493 abstinuisse

123 525 368 574 descriptione
391 528 600 575 angelorum
629 536 664 563 et
691 527 903 563 daemonum
922 553 934 572 ‚
957 524 1025 563 iam
1049 524 1225 564 indicavi-

127 608 210 636 mus
235 608 274 644 p.
311 606 394 645 114.

174 668 283 707 Plura
303 677 503 715 congerere
515 677 611 714 opus
632 665 723 703 mihi
746 662 892 703 videtur
903 663 1221 712 supervacaneum.

125 738 254 776 Unum
291 746 411 775 tamen
445 741 522 773 non
558 733 707 783 possum
745 744 822 772 non
853 743 1138 771 commemorare
1169 734 1225 771 lo-

120 818 233 853 cum,
261 806 327 854 qui
351 813 412 844 est
443 806 488 843 de
519 805 588 843 Dei
613 805 827 849 voluntate,
855 802 956 850 five,
981 811 1022 841 ut
1062 804 1223 851 plerum-

121 886 196 924 que
217 875 290 914 dici
305 875 395 913 solet
410 903 422 922 ‚
449 876 495 913 de
520 874 662 913 decreto
678 874 736 912 vel
761 874 903 920 confilio
935 873 1084 920 divino,
1111 882 1225 912 aeter-

120 955 202 985 nam
240 945 429 984 hominum
466 944 625 991 sortem,
652 943 727 983 five
762 943 932 991 beatam,
960 944 1034 984 five
1072 942 1226 982 miserri-

123 1024 213 1055 mam
241 1014 469 1054 destinante:
495 1013 865 1064 praedestinationem
881 1042 894 1059 ,
921 1012 997 1052 five
1021 1014 1224 1052 electionem

123 1097 159 1125 et
175 1085 462 1137 reprobationem
474 1113 487 1132 ,
500 1083 538 1122 in
551 1083 673 1122 schola
686 1083 860 1121 dicimus.
890 1083 1079 1133 Quantum
1096 1083 1191 1122 enim
1207 1109 1220 1129 ‚

119 1157 158 1194 in
200 1156 270 1194 Dei
306 1154 459 1192 arbitrio
487 1153 717 1192 conciliando
737 1165 820 1192 cum
839 1152 1007 1191 libertate
1030 1151 1220 1191 hominum'

117 1225 273 1271 morali,
300 1223 627 1270 defendendaque,
655 1222 741 1260 hinc
761 1220 929 1259 libertate
960 1221 1221 1268 maiestateque

116 1295 268 1340 divina,
295 1294 396 1332 illinc
432 1292 574 1331 iustitia
605 1292 687 1329 eius
724 1300 760 1328 et
796 1290 1049 1339 benignitate,
1078 1290 1221 1329 labora-

117 1365 238 1404 verint
258 1362 449 1412 ·Theologi
466 1390 479 1410 ‚
502 1363 614 1400 docet
633 1372 706 1399 nos
732 1359 991 1409 Philosophiae
1011 1370 1047 1399 et
1073 1361 1220 1410 dogma=

118 1442 195 1473 tum
216 1433 544 1472 ecclefiasticorum
568 1431 747 1471 his-toria:
776 1441 986 1480 magnoque
1010 1443 1093 1469 cum
1120 1432 1220 1470 dam-

119 1516 169 1542 no
187 1504 224 1542 id
248 1512 395 1552 experta
417 1512 473 1540 est
490 1501 648 1542 Ecclefia
669 1502 707 1539 in
729 1502 855 1550 Belgio
869 1502 1080 1549 foederato,
1099 1501 1220 1541 seculo

112 1574 295 1623 1mprimis
320 1572 444 1612 XVII.
493 1572 616 1610 Huius
640 1583 728 1610 vero
751 1571 966 1610 calamitatis
989 1572 1106 1611 ansam
1133 1583 1223 1610 neu-

114 1645 253 1692 tiquam
285 1643 532 1692 praebuerunt
556 1642 781 1680 Catechismi
813 1642 965 1680 Palatini
995 1641 1189 1690 scriptores
1209 1671 1222 1690 ‚

115 1713 179 1762 qui
205 1724 251 1751 ne
273 1712 621 1764 praedestinationis
650 1712 796 1760 quidem
833 1712 981 1750 nomine
1001 1711 1104 1751 fuere
1137 1713 1215 1760 ufi,

114 1794 182 1821 nec
214 1782 280 1820 nisi
317 1794 415 1831 resp.
447 1792 510 1830 52.
545 1783 768 1829 electorum,
798 1791 834 1820 et
866 1795 898 1821 r.
927 1796 991 1831 54.
1018 1784 1216 1822 coetdsex

116 1853 282 1899 universo
311 1864 445 1903 genere
469 1854 627 1890 humano
649 1852 704 1890 ad
728 1855 845 1891 vitam
877 1862 1068 1892 aeternam
1090 1854 1218 1900 electi,

116 1922 336 1963 mentionem
360 1920 540 1960 fecerunt.
592 1922 813 1960 Laudandos
842 1922 956 1972 igitur
974 1922 1049 1962 esse
1064 1924 1134 1962 hos
1161 1924 1217 1961 vi-

116 2004 204 2039 ros,
228 1993 331 2031 mihi
369 1993 515 2040 quidem
544 1992 757 2041 persuadeo.
812 1993 849 2031 Si
883 1993 947 2040 qui
981 2005 1069 2031 vero
1099 1996 1142 2032 eat
1177 1994 1241 2032 cie‘

115 2075 151 2101 re
200 2063 397 2110 dubitent,
451 2063 597 2100 audiant
639 2062 847 2111 josephi
904 2062 1003 2101 illius
1048 2063 1216 2111 Halli,

116 2145 221 2181 quem
248 2134 358 2181 paulo
383 2141 466 2171 ante
481 2133 645 2179 laudavi,
669 2134 778 2170 verba
803 2134 842 2171 in
865 2133 1103 2172 Dordracens
1123 2134 1221 2182 Syn-

115 2205 187 2242 odo
212 2203 464 2252 pronunciata.
509 2202 654 2253 Quanto
670 2231 682 2249 ,
723 2203 874 2250 inquit,
900 2207 1018 2241 minus
1045 2203 1190 2255 expedit
1205 2232 1218 2250 .,

116 2284 157 2311 ut
191 2275 363 2324 plebeium
391 2273 555 2324 qnodque
589 2275 775 2323 ingenium
802 2273 967 2319 summas
1000 2275 1089 2314 coeli
1116 2286 1219 2312 arces

1116 2344 1219 2383 scam-.-
