1544 2693
530 197 915 243 ORATIO.
1227 196 1282 238 33

168 333 226 377 illi
268 339 454 386 tantum,
502 333 575 376 sed
625 347 723 377 vero
770 330 913 375 itidem
968 329 1283 375 provinciarum

170 416 380 470 Ordines,
409 416 703 474 Magistratus3
735 428 917 472 numque
956 414 1048 473 ipsa
1086 413 1154 457 illa
1191 420 1285 458 stu-

166 501 234 545 dia
262 502 409 546 altiora
425 533 438 555 ‚
471 501 644 545 moralia
677 509 729 555 etx
745 499 937 557 religiosa
954 529 968 552 ,
995 498 1186 543 universe
1210 498 1283 542 in·-

166 593 304 631 essent
343 586 493 645 gentis
545 586 645 629 Pios
699 584 791 628 illos
839 583 1041 627 memoria
1087 581 1283 628 recolatis

164 669 307 723 dies,
336 668 669 714 solennibus
711 666 1006 726 precibus,
1050 673 1122 711 aut
1159 671 1282 725 gra-

162 753 369 797 tiarum
407 752 759 804 actionibus,
803 750 872 810 pie
911 767 934 794 a
970 757 1094 809 gente
1138 751 1282 795 cele·-

163 836 394 889 bratos‚
426 847 513 879 non
541 835 710 892 quidem
753 834 924 878 definito
961 833 1082 878 huius
1122 833 1281 878 illiusve

162 919 317 964 mensis
337 933 339 935 ·
360 919 449 973 die,
493 919 567 963 sed
611 932 711 963 vero
741 918 786 961 in
813 917 995 976 graviori
1029 932 1280 975 quacunque

163 1004 334 1048 Patriae
365 1003 598 1048 calamitate
642 1003 695 1046 ab
739 1001 973 1047 Ordinibus
1012 1001 1276 1046 constitutos.

163 1086 330 1131 vixistis
350 1087 457 1146 ipsi,
482 1087 596 1131 A.A.
614 1093 806 1145 tempora
824 1119 836 1140 ,
861 1086 1015 1144 quibus
1037 1092 1133 1129 ante
1151 1085 1279 1142 quin-

161 1171 386 1228 quennium
416 1172 502 1215 fere
537 1171 672 1214 hocce
709 1172 803 1215 Rex
832 1170 1160 1229 Augustissimus
1191 1184 1278 1228 pu·-

159 1250 267 1300 blice
302 1263 467 1314 gentem
493 1254 719 1305 excitaret,
766 1268 872 1311 quae
910 1254 1149 1298 certaminis
1182 1268 1276 1298 cum

156 1339 295 1397 Belgis
318 1338 408 1383 istis
433 1339 676 1383 instituendi
705 1339 916 1382 fortunam
941 1338 1035 1383 Deo
1057 1352 1278 1383 commen-

157 1422 288 1466 daret.
349 1422 532 1466 Novistis
551 1454 564 1476 ,
593 1437 719 1479 quam
757 1429 898 1479 gratus
923 1422 1046 1466 fuerit
1072 1422 1278 1466 nostrati-

155 1502 254 1550 bus
279 1505 367 1550 dies
409 1506 502 1559 ille,
552 1506 808 1550 solemnibus
851 1507 1049 1565 precibus
1087 1507 1276 1559 dicatus,

157 1605 243 1648 quo
267 1590 363 1649 ipso
390 1604 440 1633 ex
467 1589 697 1649 improviso
726 1590 902 1634 nuncius
926 1591 981 1634 ad
1013 1604 1094 1634 nos
1122 1606 1277 1650 perve-

156 1675 243 1728 nit,
281 1674 501 1719 victoriam
539 1674 824 1727 nostratibus,
870 1674 1104 1718 Arausiaco
1143 1673 1274 1728 duce,

155 1773 292 1818 prope
317 1758 548 1802 Lovanium
576 1757 660 1815 jam
691 1746 864 1818 parasse
891 1759 1043 1803 Deum.
1105 1758 1276 1804 Memo-

154 1842 260 1886 riam
298 1842 433 1885 n‘ullus
473 1841 629 1885 delebit
656 1842 745 1886 dies
778 1842 960 1886 solennis
983 1833 1102 1886 illius'
1115 1844 1270 1897 cultus,

155 1938 241 1982 quo
265 1925 424 1983 Regem
452 1925 559 1978 vidi,
590 1940 673 1969 una
709 1940 802 1970 cum
826 1927 986 1985 populo
1011 1926 1105 1970 Deo
1139 1926 1274 1984 grati-

156 2024 202 2053 as
229 2016 441 2067 agentem,
469 2009 713 2068 patriaeque
743 2024 910 2053 causam
937 2010 1032 2054 Deo
1054 2024 1272 2054 commen-

155 2093 319 2137 dantem
339 2095 347 2135 !
371 2119 422 2126 -—
449 2092 546 2136 Jam
575 2107 674 2137 vero
705 2107 755 2137 eo
782 2092 914 2151 magis
938 2091 982 2136 in
1006 2092 1177 2150 antiqua
1196 2108 1271 2137 vos

156 2176 405 2220 convertatis
436 2183 656 2235 tempora,
697 2177 750 2221 A.
776 2178 826 2220 A.
858 2175 1010 2233 quibus
1041 2177 1150 2220 nulla
1181 2183 1271 2220 erat

154 2258 320 2303 Patriae
358 2273 498 2304 causa⁴
521 2259 712 2318 gravior,
749 2260 856 2303 nulla
888 2259 1017 2318 pestis
1045 2260 1270 2305 morbusve

1073 2345 1098 2385 3
