1544 2693
288 164 345 208 48
498 165 678 209 HERM.
712 166 739 208 J
744 165 836 211 011.
869 167 1188 213 ROYAARDS

287 299 483 351 dixerim,
519 300 595 344 nisi
630 315 755 344 unum
789 300 920 344 hocce
957 302 1288 356 desideraretur,
1323 310 1395 357 ut,

286 384 349 428 Te
377 384 469 443 ipso
500 385 721 435 referente,
753 398 958 440 quaenam
989 385 1055 429 alii
1083 385 1394 444 praestiterint,

280 468 369 512 aliis
398 467 677 511 scribendum
694 464 841 520 restet,
869 475 1070 524 quaenam
1096 477 1167 514 tua
1191 469 1272 514 sint
1293 484 1392 529 erga

278 552 581 595 Bibliothecam
614 560 653 595 et
682 551 927 610 catalogum
956 553 1102 597 merita
1134 561 1218 602 (27).
1267 555 1390 599 Tibi

279 635 388 678 enim
430 635 625 679 debemus
668 650 779 688 eam,
824 651 905 692 qua
954 636 1106 693 gaudet
1153 636 1389 695 hodieque,

277 720 569 764 conditionem.
627 720 694 763 Tu
721 719 1026 763 Bibliothecam
1062 719 1171 764 hanc
1201 728 1388 766 nostram

274 805 571 848 Academicam
607 803 663 847 ita
692 804 894 848 Juvenum
923 811 1163 847 nostrorum
1196 804 1240 847 in
1263 819 1384 849 usum

271 887 525 940 instruxisti,
563 895 607 930 ut
633 887 701 930 illa
731 894 898 931 eatenus
925 887 1116 944 exemplo
1142 901 1231 930 esse
1253 886 1387 945 possit

272 972 362 1015 aliis
405 971 678 1015 Bibliothecis
718 970 910 1029 publicis.
978 969 1074 1012 Jam
1113 983 1213 1013 vero
1253 984 1383 1024 cura,

236 1038 241 1041 Α
271 1070 393 1112 quam
427 1055 608 1099 habuisti
632 1086 643 1108 ,
671 1061 718 1098 ut
743 1055 782 1098 D
799 1053 943 1099 odtii
979 1054 1110 1112 opera
1137 1053 1384 1097 conscribe-

261 1147 383 1184 retur
415 1139 663 1197 Catalogus,
698 1153 747 1183 eo
786 1139 951 1182 demum
984 1137 1164 1190 valebit,
1202 1145 1248 1181 ut
1275 1151 1384 1182 con-

269 1224 361 1268 silio
379 1209 612 1268 ‘satisfaciat
640 1223 929 1274 Bibliotheca,
950 1229 1019 1274 ut,
1049 1237 1156 1278 quae
1178 1222 1383 1266 librorum

267 1300 393 1367 copia
408 1308 666 1352 desideretur
684 1340 695 1360 ,
718 1307 823 1350 haec
849 1305 1134 1350 Bibliothecae
1163 1321 1238 1349 usu
1258 1319 1380 1349 com-

265 1399 464 1451 pensetur
483 1405 751 1449 magnopere.
814 1389 920 1432 Illud
942 1389 1009 1433 Tu
1034 1389 1147 1432 vivas
1163 1420 1174 1441 ‚
1203 1388 1375 1432 amicis-

221 1458 225 1461 ¹
265 1476 371 1520 sime
419 1474 651 1519 Heusdi!
702 1482 867 1532 tempus
924 1486 1076 1531 spem,
1128 1486 1212 1529 quo
1260 1472 1378 1518 hicce

266 1559 491 1615 Catalogus
526 1573 611 1601 non
648 1557 726 1601 nisi
747 1564 942 1616 'parvam
984 1550 1185 1600 librorum
1212 1564 1376 1615 partem

263 1642 496 1687 contineat!
1115 1702 1119 1703 ⁷

319 1727 382 1771 Ut
439 1739 537 1770 vero
579 1725 850 1784 pecuniarum
905 1725 1088 1768 subsidia
1143 1725 1216 1768 ad<
1245 1724 1375 1769 libros

262 1809 458 1853 emendos
506 1809 559 1852 ab
608 1809 765 1865 aliquot
811 1807 907 1851 inde
950 1808 1069 1851 annis
1111 1807 1376 1852 vehementer

261 1901 356 1937 sunt
399 1893 642 1944 imminuta,
688 1891 746 1935 ita
791 1891 1031 1935 exstiterunt
1061 1905 1154 1935 cum
1187 1889 1374 1935 aliiNiri

261 1977 400 2030 docti,
425 1985 513 2021 tum
530 1977 735 2035 imprimis
760 1975 1131 2026 Seh1·6derus‚
1154 1976 1228 2018 Vir
1243 1974 1371 2027 Clar.,

260 2063 331 2120 qui
359 2062 492 2105 libros
523 2051 806 2105 Bibliothecae
840 2060 1000 2111 darent,
1061 2060 1147 2103 Nec
1178 2069 1275 2103 vero
1310 2059 1372 2103 si·-

258 2147 384 2192 lentio
403 2146 657 2190 reticendum
676 2176 686 2196 ,
713 2145 829 2203 ipsos
863 2144 968 2188 adeo
991 2144 1242 2187 Academiae
1267 2158 1372 2188 nos-

259 2239 348 2275 trae
379 2231 593 2280 alumnos,
632 2243 729 2272 raro
771 2243 870 2271 sane
912 2228 1128 2285 exemplo!
1156 2235 1371 2271 trecento-
1409 2248 1420 2259 ·

1512 1967 1520 2219 ἐ

1531 2227 1535 2266 ..-Α
1529 2160 1536 2206 -0—
1531 1964 1539 2140 *vu-„„--.
1536 1922 1540 1935 Δ.
1535 1892 1538 1906 0
1535 1842 1540 1869 v,
