1487 2703
250 207 294 242 82
483 191 1135 236 COMMENTATIO

301 308 498 346 Videamus
534 307 603 354 jam
642 303 794 351 paucis,
821 312 995 348 quaenam
1034 301 1229 349 praecipue
1253 300 1347 338 facta

250 382 322 417 huc
354 375 566 426 generaliter
597 385 637 411 ac
665 383 811 419 semper
845 371 919 408 sint
946 370 1144 409 referenda.
1199 371 1250 408 Et
1274 370 1350 418 pri·-

251 458 349 485 mum
398 454 495 482 certe
533 444 657 480 locum
693 450 876 488 occupant
909 451 974 485 ea,
1027 452 1119 487 quae
1149 441 1230 489 ipsa
1270 442 1351 489 lege

249 516 406 555 admissa
440 520 566 550 contra
607 512 726 548 bonos
764 521 884 547 mores
923 509 1097 547 dicuntur
1131 510 1216 558 (ι).
1295 510 1351 548 Ac

250 585 405 634 proinde
420 582 570 631 publica
589 580 746 618 admissa
768 581 941 617 adversus
959 578 1171 626 pudicitiam
1187 606 1201 626 ,
1215 578 1352 616 crimen

251 652 486 699 violationis,
522 651 667 688 aliudve
707 648 899 696 quodlibet
932 649 1108 686 adversus
1143 649 1350 696 pudorem,

249 722 501 768 lenocinium,
529 719 773 766 adulterium,
800 718 976 766 bigamia,
1004 727 1091 756 sunt
1117 717 1213 757 facta
1243 718 1353 756 bonis

251 793 421 831 moribus
457 789 666 835 contraria,
718 800 876 836 quorum
913 789 1139 836 praestatio,
1175 789 1207 826 si
1244 799 1353 826 causa

250 860 487 911 obligationis
531 859 685 908 alicujus
731 859 808 905 sit,
861 859 948 896 haec
1000 858 1177 906 obligatio
1227 859 1351 896 nullos

250 931 423 982 producit
457 929 626 967 effectus.
692 929 880 965 Praeterea
915 929 988 969 huc
1025 928 1131 965 etiam
1168 927 1353 976 pertinent

247 1004 424 1050 pleraque
461 998 593 1037 delicta
628 998 797 1045 privata,
833 997 913 1034 sive
942 998 1116 1034 adversus
1153 1007 1353 1044 personas,

247 1072 326 1109 sive
348 1071 524 1108 adversus
556 1067 652 1104 bona
686 1065 991 1112 committantur,
1051 1076 1211 1113 quorum
1242 1067 1351 1113 longe

246 1143 363 1191 major
387 1147 485 1177 certe
518 1149 627 1186 pars,
658 1147 733 1173 non
769 1145 908 1172 tanturn
941 1136 1047 1183 lege,
1085 1145 1214 1174 verum
1244 1134 1350 1173 etiam

247 1210 415 1249 moribus
451 1206 695 1255 improbatur.
722 1231 779 1238 —
805 1205 939 1243 Nullae
966 1214 1054 1243 sunt
1077 1204 1351 1253 obligationes,

248 1291 401 1328 quarum
439 1288 548 1315 causa
583 1285 639 1313 est
678 1286 793 1313 unum
819 1275 1020 1312 alterumve
1056 1285 1199 1314 eorum.

296 1351 350 1399 3⁰.
378 1346 571 1398 Quamvis
612 1345 757 1383 difficile
792 1355 899 1391 saepe
939 1347 989 1381 sit
1022 1343 1127 1381 bonos
1160 1356 1276 1382 mores
1306 1344 1350 1382 ab

246 1418 374 1458 ordine
399 1416 542 1467 publico
572 1414 824 1461 distinguere,
851 1421 1049 1458 utrumque
1078 1421 1200 1450 tamen
1233 1414 1352 1452 diver-

249 1499 332 1526 sum
366 1484 590 1523 intellexisse
615 1481 864 1529 Legislatores
882 1509 894 1526 ,
925 1491 1000 1518 non
1032 1489 1173 1518 tantum
1199 1493 1242 1519 ex
1265 1493 1354 1520 nos-

247 1566 306 1594 tro
340 1555 522 1600 arricum,
548 1564 674 1590 verum
712 1551 817 1588 etiam
853 1562 896 1587 ex
925 1549 1081 1588 articulo
1112 1552 1150 1589 6.
1179 1543 1352 1601 apparet,

248 1637 326 1673 quo
364 1623 499 1673 pariter
534 1621 727 1669 utriusque
755 1621 893 1658 mentio
922 1620 978 1658 fit.

297 1695 353 1733 Ut
384 1693 566 1739 eundem,
596 1703 705 1739 quem
739 1691 784 1728 de
816 1690 925 1727 bonis
962 1691 1130 1730 moribus
1155 1703 1352 1740 sequamur

248 1765 411 1802 ordinem
431 1791 443 1809 ,
470 1762 613 1799 initium
648 1759 803 1798 facimus
825 1759 869 1797 ab
898 1771 968 1806 e0‚
996 1770 1037 1798 ut
1061 1762 1352 1810 investigemus,

250 1833 341 1881 quid
376 1833 443 1870 his.
462 1830 585 1869 verbis
612 1830 660 1867 sit
685 1829 979 1878 intelligendum.
1032 1829 1196 1868 'facente
1220 1832 1352 1870 iterum

249 1904 355 1950 lege,
388 1901 647 1939 recurrendum
691 1900 735 1936 ad
770 1899 872 1946 ipsos
906 1900 984 1946 ejus
1019 1911 1190 1939 auctores
1204 1896 1225 1947 ,'
1256 1902 1349 1950 qui,

249 1971 418 2020 quamvis
448 1983 522 2009 rem
559 1970 739 2020 expressis
776 1969 897 2006 verbis
941 1980 1015 2006 non
1059 1969 1258 2018 definiant,
1301 1981 1354 2010 ta·
1393 2018 1397 2020 ¹
1443 1970 1463 2009 {³⁴

1268 2054 1301 2079 m
1306 2054 1351 2081 en

289 2150 341 2188 (1)
362 2151 504 2186 Quaeque
530 2159 723 2179 recensentur
745 2153 822 2181 eod.
850 2161 942 2187 poen.
974 2160 1041 2182 artt.
1070 2163 1232 2191 330—340.
1262 2153 1353 2183 Mira·

252 2216 338 2244 mur,
356 2210 472 2236 nullum
506 2216 522 2236 e
550 2208 699 2237 Francicis
732 2209 929 2244 scriptoribus
957 2211 1014 2238 hoc
1037 2216 1175 2245 tanquam
1203 2212 1355 2246 regulam,

251 2272 390 2300 quantum
419 2264 546 2301 scimus,
566 2266 624 2293 huc
646 2273 741 2300 usque
767 2265 931 2295 tradidisse.
