1544 2693
529 173 912 219 ORATIO.
1228 175 1284 220 43

173 309 312 354 seni!
346 323 468 366 quem
508 308 602 352 Rex
628 308 953 367 Angustissimus
982 316 1157 369 propter
1187 323 1288 368 sep-

171 393 457 453 tuagenariam
483 400 689 447 aetatem,
710 416 759 425 —
782 393 909 451 quod
935 393 1014 437 nisi
1039 394 1106 438 Tu
1128 394 1220 453 ipse
1249 401 1291 438 et

171 477 344 538 publica
360 476 598 522 testimonia
620 477 844 526 referrent,
870 476 938 521 vix
962 476 1152 521 crederet
1171 475 1291 533 quis-

171 562 312 623 piam,
336 558 392 599 ⁴—-'
420 561 651 609 honorifice
676 561 780 604 rude
801 560 983 605 donavit.
1028 560 1094 605 Tu
1113 575 1191 619 per
1211 560 1294 604 tri-

173 647 289 706 ginta
320 646 505 704 quinque
533 646 619 689 fere
647 659 780 688 annos
809 643 923 688 tuam
950 645 1110 688 ornasti
1144 643 1305 688 cathe-

175 730 319 782 dram,
350 727 636 788 plurimosque
655 734 724 771 tua
742 727 889 771 schola
906 727 997 771 tulit
1012 726 1040 770 J
1045 726 1146 771 Ctos
1172 742 1295 785 egre-

175 813 281 873 gios.
343 812 512 856 Gratias
536 811 636 855 Tibi
661 811 745 869 agit
772 811 853 855 hac
883 826 977 855 mea
1002 825 1104 855 voce
1124 811 1301 856 Acade-.

173 897 261 941 mia
305 903 468 941 nostra.
557 895 765 940 Benevole
806 909 876 939 eas
917 894 1127 953 accipias!
1201 894 1296 938 Hoc

174 995 304 1025 unum
333 995 358 1023 a
389 980 453 1024 Te
481 978 611 1037 petit,
654 986 701 1026 ut
739 975 832 1023 Tua
873 978 1012 1036 imago
1054 979 1295 1023 senaculum

175 1072 366 1109 nostrum
394 1070 528 1108 ornet.
563 1082 612 1095 ...
672 1062 737 1108 Sit
768 1063 867 1107 Tibi
902 1061 1033 1109 otium
1069 1077 1163 1108 cum
1199 1064 1296 1122 dig-

175 1147 306 1193 nitate
363 1147 597 1192 literatum!
656 1154 784 1204 tuque
832 1162 911 1206 per
963 1148 1103 1205 plures
1161 1163 1295 1193 annos

177 1232 430 1278 Academiae
470 1231 609 1290 prosis
653 1239 693 1275 et
729 1231 845 1274 Juris
889 1230 1159 1289 disciplinae!
1233 1232 1295 1276 Ita

178 1317 288 1362 faxit·
299 1316 445 1360 Deus!

238 1484 469 1527 Vacantem
515 1482 699 1527 videmus
751 1481 994 1526 cathedram
1040 1482 1150 1527 Clar.
1196 1499 1298 1527 van

181 1567 458 1619 Enschut‚
491 1566 664 1611 adversa
685 1566 917 1610 laborantis
944 1567 1197 1621 valetudine,
1227 1569 1300 1628 ip-

182 1666 314 1708 soque
347 1656 512 1709 petente
552 1649 657 1692 rude
697 1649 853 1693 donati.
915 1649 1023 1694 Sunt
1053 1666 1153 1696 sane
1187 1653 1300 1697 cele-

181 1735 348 1779 branda
372 1733 483 1787 Viri,
512 1733 557 1775 in
584 1732 686 1777 Jure
701 1733 910 1777 Consultis
940 1735 1139 1789 celebris,
1170 1736 1298 1780 meri-

182 1826 324 1871 tasut
362 1826 401 1862 et
438 1832 536 1876 erga
575 1817 690 1861 Juris
727 1818 1001 1877 disciplinam.
1073 1820 1179 1864 Jam.
1202 1836 1301 1866 vero

185 1904 239 1948 sit
276 1903 339 1948 llli
380 1902 509 1946 otium
554 1902 608 1945 ad
648 1903 925 1948 restituendas
965 1905 1177 1963 corporis
1205 1905 1302 1949 ani-

186 1987 326 2046 mique
367 1986 473 2032 vires
511 1987 773 2046 proficuum!
848 1988 901 2032 Ei
943 1989 1052 2033 adsit
1092 1990 1302 2049 propitius

185 2073 324 2118 Deus!
366 2072 595 2117 Vacantem
618 2079 755 2116 autem
781 2073 1026 2118 cathedram
1049 2075 1134 2132 jam
1152 2076 1303 2121 obtulit

188 2157 282 2202 Rex
308 2157 415 2214 Aug.
450 2156 553 2201 Viro
580 2156 691 2202 Clar.
723 2156 904 2203 Joann.
937 2158 1090 2204 Mich.
1121 2160 1304 2206 Franc.

190 2241 510 2295 Birnbaum‚
557 2257 632 2301 per
659 2242 879 2287 duodecim
909 2258 1040 2289 annos
1064 2245 1107 2288 in
1134 2246 1303 2291 Acade—
