1544 2693
540 139 926 186 ORATIO.
1237 144 1293 186 23

185 292 313 338 quas,
359 275 569 320 illiberalis
602 274 754 333 indolis
792 282 941 329 testes,
987 274 1032 318 in
1070 274 1292 321 Hollandia

180 369 222 408 et
249 344 446 405 Zelandia
476 358 798 419 experiebantur
842 358 1287 405 Romano-Catholici.

178 444 346 505 Quodsi
378 458 478 489 vero
509 458 602 488 eum
636 443 717 487 hac
753 443 805 486 de
833 456 959 487 causa
995 442 1061 486 vix
1098 441 1150 487 de
1184 443 1287 487 reli-

174 528 297 588 gione
323 527 486 587 puriori
511 526 733 570 sollicitum
765 526 955 571 dixerunt
984 526 1175 581 Zelotae,
1205 541 1285 572 nos

173 626 275 657 sane
304 612 349 655 in
381 625 434 655 eo
463 609 577 670 piam
604 609 696 655 Viri
725 609 969 653 immortalis
994 609 1282 654 liberalitatem

170 710 430 741 veneramur.
489 693 572 751 Qui
607 692 715 737 enim
749 691 957 751 religionis
997 700 1038 736 et
1074 694 1277 738 sentiendi

170 777 402 824 libertatem
429 791 507 835 per
539 790 703 820 omnem
730 776 858 820 vitam
892 776 1185 821 vindicandam
1218 778 1282 822 si-

168 862 215 906 bi
258 869 558 921 proposuerat,
602 860 697 915 hic,
742 861 797 905 ab
839 861 952 905 omni
992 862 1281 920 persecutione

167 944 359 1002 religiosa
388 944 566 996 alienus,
597 943 767 1002 singulis
795 944 1034 989 hominibus
1073 945 1170 990 fidei
1200 960 1279 991 ve-

167 1028 281 1071 niam
313 1034 551 1086 competere
580 1026 734 1072 statuit.
796 1027 889 1072 Hoc
917 1029 1057 1087 palam
1084 1043 1282 1087 pronun-

168 1111 292 1158 ciavit
315 1125 459 1156 coram
476 1110 721 1156 Ordinibus.
768 1111 860 1156 Hoc
884 1112 1095 1157 vindicare
1118 1113 1274 1157 studuit

163 1208 302 1253 pace
326 1193 675 1253 Religionis,
726 1209 833 1252 quae
869 1195 1071 1240 Matthiae
1111 1197 1279 1240 nomine

163 1278 317 1330 fertur,
368 1292 450 1334 qua
486 1292 586 1321 sane
622 1277 831 1336 principia
867 1279 1035 1338 scripsit
1065 1293 1187 1323 verae
1222 1278 1278 1321 li-

162 1360 390 1404 beralitatis
443 1367 484 1404 et
531 1359 740 1417 religionis
791 1361 1072 1414 exercendae,
1136 1361 1276 1418 qualia

162 1446 275 1489 nulla
307 1445 397 1489 tulit
434 1445 479 1489 id
522 1444 722 1503 temporis
769 1445 885 1502 regio
930 1445 1155 1504 Europaea
1188 1453 1274 1491 (12).

162 1529 307 1586 Neque
343 1536 482 1572 tamen
528 1528 632 1572 haec
676 1528 784 1572 ferre
833 1536 999 1587 poterat
1038 1529 1107 1573 illa
1145 1535 1273 1573 aetas.

159 1612 361 1656 Pietatem
406 1610 629 1670 prudentia
669 1610 965 1656 moderabatur
1004 1612 1271 1656 Arausiacus.

159 1695 325 1739 Patriae
351 1702 391 1739 et
425 1694 695 1739 Reformatae
722 1694 935 1739 Ecclesiae
972 1695 1271 1750 stabiliendae,

161 1779 311 1837 quibus
360 1778 712 1838 perniciosa'illa
764 1779 810 1823 id
860 1779 1065 1838 temporis
1103 1780 1271 1833 forent,

159 1863 296 1908 studio
335 1862 510 1914 ductus,
563 1862 774 1921 paululum
818 1863 873 1906 ab
917 1862 1031 1908 hisce
1080 1862 1273 1908 discessit

158 1954 330 2007 postea,
364 1946 594 2005 prudenter
632 1945 990 1999 animadvertens,
1033 1946 1134 2002 quid
1163 1955 1273 1991 tem-

160 2045 240 2089 pus
270 2028 500 2089 postularet
530 2035 569 2071 et
598 2028 721 2073 ratio.

221 2197 340 2241 Hanc
373 2211 472 2240 sane
504 2195 699 2254 pietatem
737 2195 789 2238 ad
831 2195 936 2240 vitae
974 2211 1103 2252 usque
1145 2197 1267 2242 finem
