1487 2703
236 166 285 202 43
473 153 1134 193 COMMENTATIO

236 274 363 300 rursus
387 262 461 321 alia¹
486 273 636 309 quoque
663 263 700 299 in
735 261 933 311 paludibus
956 263 1149 302 exsiccatis
1171 265 1231 301 vel
1255 275 1345 303 exu·

235 333 302 369 stis
340 333 432 369 bene
457 332 608 379 vigent,
636 332 700 368 ubi
733 333 909 380 quaedam
940 333 1126 371 maculosa
1149 334 1337 380 evadunt;

228 401 281 438 sic
308 413 345 438 v.
375 413 413 438 c.
448 401 586 438 Solana
624 400 812 449 pabularia
836 402 872 438 in
899 411 994 439 terra
1019 413 1172 440 arenosa
1197 402 1340 440 minora

229 480 339 518 atque
375 470 486 508 simul
512 471 662 508 meliora
694 471 923 517 redduntur,
954 483 993 509 ea
1014 482 1103 509 vero
1140 483 1232 518 quae
1254 472 1340 510 usui

230 540 438 579 domestico
471 542 673 587 coluntur,
705 541 742 578 in
769 542 876 579 terris
900 541 1011 578 nimis
1038 541 1243 590 pinguibus
1276 552 1344 578 vo·

227 613 363 649 lumine
401 611 548 659 quidem
585 611 823 658 increscunt,
863 610 1038 658 qualitate
1076 620 1196 649 autem
1236 610 1346 649 dimi-

220 690 403 719 nuuntur.
433 681 474 719 In
495 692 628 729 genere
657 690 814 718 attamen
830 682 1006 719 convenit
1033 689 1129 720 terra
1149 681 1341 730 argillacea

227 751 371 797 levior,
399 752 458 788 vel
486 762 529 789 ex
565 751 692 799 argilla
729 761 840 799 atque
875 763 980 790 arena
1020 752 1148 790 mixta.
1204 752 1344 790 Solana

221 832 334 868 porro
352 850 364 867 ,
383 833 476 868 quae
496 821 555 858 hic
576 830 611 858 et
641 822 714 859 illic
740 822 778 859 in
806 821 990 859 sabulosis
1018 823 1221 869 coluntur,
1252 821 1343 860 satis

227 892 482 929 demonstrant
508 892 599 929 hanc
639 893 798 940 pkmtam
830 903 905 929 non
947 893 1055 930 unice
1096 900 1235 929 tantum
1270 891 1343 929 hoc

228 964 287 1000 vel
324 962 414 999 illud
449 963 569 999 solum
595 963 814 1010 postulare3
857 973 951 1009 quae
988 972 1121 1009 nempe
1160 961 1198 998 in
1232 960 1343 998 dunis

223 1033 398 1068 coluntur
447 1030 896 1083 (Dum-aardappelen)
935 1042 1011 1068 non
1061 1042 1142 1068 raro
1190 1029 1343 1068 caeteris

222 1101 396 1140 omnibus
441 1100 725 1150 praeferuntur3
780 1101 889 1139 docet
934 1111 1087 1148 quoque
1132 1097 1338 1137 differentia

223 1172 320 1218 soli,
371 1183 404 1210 e.
434 1183 472 1221 g.
509 1172 704 1209 Zelandiae
739 1182 776 1209 et
811 1169 964 1209 Frisiae.
1040 1170 1334 1217 Nonnumquam

224 1241 381 1290 denique
417 1243 466 1279 ita
504 1242 743 1290 procedunt,
784 1251 826 1278 ut
864 1249 966 1290 prata
1008 1249 1155 1278 vetusta
1189 1239 1338 1277 diffran-

222 1321 308 1360 gant
343 1322 378 1350 et
413 1312 504 1349 huic
525 1313 692 1349 culturae
715 1311 1023 1358 accommodent3
1055 1321 1146 1357 quae
1187 1309 1334 1347 metho-

221 1383 291 1418 dus
326 1392 441 1429 aeqne
485 1393 525 1419 ac
559 1380 725 1419 adhibito
763 1381 932 1417 locorum
967 1379 1030 1417 ubi
1061 1380 1186 1428 sylvae
1220 1387 1332 1418 stete-

216 1460 329 1497 runt,
356 1464 376 1488 a
405 1450 531 1488 multis
553 1450 658 1487 valde
681 1449 864 1487 laudatur.
895 1449 963 1498 (1)
1018 1448 1179 1499 Quando
1209 1456 1332 1487 autem

221 1533 278 1559 res
318 1522 362 1559 ad
402 1529 605 1558 extremum
643 1531 763 1567 usque
799 1519 1059 1567 protrahitur,
1099 1531 1208 1568 saepe
1233 1528 1333 1558 caret

219 1592 321 1628 bono
352 1600 513 1638 eventu;
543 1591 614 1627 tale
642 1590 733 1638 quid
757 1600 814 1627 me
839 1589 967 1627 docuit
1002 1600 1110 1627 casus
1140 1600 1326 1636 sequens=

219 1662 363 1700 Solam's
386 1661 525 1698 scilicet
549 1660 645 1697 dicta
680 1660 823 1696 ratione
848 1659 986 1706 cultis,
1014 1658 1204 1697 Hordeum
1226 1659 1329 1698 hisce

212 1733 414 1779 insequens
445 1730 535 1768 satis
557 1730 652 1767 bene
678 1729 879 1778 provenit,
910 1729 1060 1767 minime
1086 1740 1205 1767 autem
1240 1731 1330 1768 Tri-

205 1802 344 1851 folium
375 1801 476 1847 quod
501 1799 611 1838 simul
638 1811 720 1837 cum
748 1798 893 1837 Hordeo
942 1798 1234 1849 conserabatur,
1262 1811 1328 1849 ap·

214 1871 361 1920 paruit3
392 1869 501 1908 tertio
534 1880 630 1907 anno
657 1880 741 1917 ager
768 1876 990 1906 stercoratus
1018 1867 1091 1906 fuit
1121 1878 1234 1917 atque
1266 1881 1325 1907 se·

217 1941 446 1978 minaverunt
491 1939 657 1977 Avenam
685 1950 767 1977 cum
804 1939 947 1977 duabus
975 1938 1149 1986 graminis
1181 1939 1322 1987 specie·

1249 2009 1320 2049 bns

251 2121 310 2157 (ι)
334 2121 479 2154 Τὴπέτ,
501 2119 689 2155 Einleitung
709 2126 767 2147 etc.
787 2120 821 2147 B.
845 2119 866 2146 1.
894 2125 960 2151 pag.
986 2124 1053 2151 333.
1074 2131 1110 2137 —
1133 2118 1320 2153 Leopold

209 2180 476 2209 Trautmann.
498 2177 629 2203 Versuch
658 2177 744 2203 einer
775 2175 951 2204 Wissensch.
972 2176 1133 2209 anleitfmg
1158 2183 1224 2202 zum
1251 2182 1319 2203 sm-

207 2235 354 2264 du'umdar
377 2233 603 2261 Landwfrneh.
618 2252 626 2267 ,
647 2233 734 2262 Wien
759 2235 863 2267 1816,
881 2233 915 2260 B.
942 2233 964 2259 1.
989 2239 1054 2265 pag.
1076 2239 1144 2264 ¹¹¹7·
1170 2235 1198 2265 ς.
1221 2239 1314 2267 ηπ.
