1544 2693
417 175 1027 215 THEOLOGICA,
1237 188 1285 224 41

174 290 381 338 miserrime
405 288 562 338 afflicto,
579 286 706 336 paucis
729 285 886 324 indicavi
907 285 1029 323 verbis
1044 313 1057 333 ‚
1075 296 1116 323 ea
1137 284 1175 322 in
1200 296 1289 333 qua-

176 371 263 400 tuor
299 360 621 412 Euangelistarum
656 356 930 395 commentariis
968 356 1151 393 uberrime
1190 366 1291 393 enar-

177 440 329 469 rantur:
374 440 409 466 et
446 440 540 476 quae
566 428 611 465 de
644 426 720 476 fide
757 426 914 466 Christo
949 426 1117 464 habenda
1153 435 1188 464 et
1214 426 1292 464 obe-

179 500 327 540 dientia‘
356 499 388 537 ei
417 497 630 548 praestanda
669 497 785 547 digito
822 497 956 545 attigi,
985 497 1061 545 ipse
1090 497 1152 535 ille
1189 498 1295 536 Con·

177 571 340 610 servator
369 582 409 608 ac
436 568 625 608 Dominus
656 568 694 606 in
729 567 961 606 orationibus
996 578 1032 606 et
1069 568 1294 606 collocutio-

175 641 312 687 nibus,
343 639 499 687 eiusque
524 637 700 686 discipuli
732 649 772 674 ac
805 637 916 685 legati
943 636 981 674 in
1002 636 1196 685 epistolis,
1220 636 1294 676 fre-

179 711 335 758 quenter
363 721 411 747 ‘ac
437 708 516 746 fuse
544 709 688 755 lateque
718 715 935 744 tractarunt.

227 780 326 818 Cum
352 777 523 816 doctrina
550 777 791 823 Christiana,
829 776 868 814 in
900 776 1004 814 libris
1040 777 1196 815 laudatis
1227 786 1301 816 tra-

177 845 280 896 dita,
308 847 511 894 arctissimo
543 846 696 884 vinculo
729 846 927 884 coniuncta
959 847 1044 885 sunt
1078 849 1193 885 multa
1226 849 1301 887 his-

178 921 326 966 torica,
368 916 444 956 five
480 916 651 955 consulto
692 926 859 963 narrata,
902 916 996 964 sive,
1043 930 1114 966 pro
1155 917 1299 957 dicendi

178 988 410 1029 scribendive
435 987 649 1034 occafione‚
689 988 818 1025 leviter
853 996 948 1024 tacta
986 997 1022 1024 et
1058 987 1213 1035 oblique
1245 988 1303 1026 in-

179 1058 312 1097 dicata.
365 1058 513 1096 Horum
538 1069 623 1105 pars
647 1068 776 1105 magna
800 1057 961 1105 pertinet
983 1059 1028 1095 ad
1056 1057 1152 1096 vitas
1177 1060 1303 1106 Apo&

178 1130 342 1167 tolorum
367 1138 404 1166 et
427 1127 775 1176 Euangelistaruin3
805 1138 880 1164 non
907 1127 1039 1174 exigua
1059 1139 1144 1175 pars
1165 1127 1303 1175 spectat

179 1208 346 1237 recentes
372 1185 670 1238 Christianorum
702 1206 833 1234 coetus
851 1227 862 1243 ‚
892 1198 1024 1234 horum
1056 1198 1241 1237 antistites
1268 1208 1304 1236 et

179 1268 332 1316 socios,
359 1268 582 1307 adversarios
614 1279 656 1305 ac
687 1266 916 1314 defensores;
956 1267 1099 1315 reliqua
1136 1280 1220 1316 pars
1247 1279 1301 1307 at-

181 1338 276 1377 tinet
299 1339 345 1377 ad
364 1338 526 1386 privatas
554 1349 612 1375 res
647 1348 803 1381 eorum,
834 1349 853 1374 a
879 1336 1042 1384 quibus,
1071 1348 1106 1375 et
1135 1340 1180 1376 ad
1204 1350 1301 1386 quos

183 1410 244 1446 vel
274 1420 434 1456 quorum
466 1407 620 1455 caussa,
647 1409 749 1445 datae
776 1406 928 1445 fuerunt
958 1409 1152 1455 epistolae.

234 1477 316 1516 Nec
341 1478 578 1526 negligendae
602 1477 687 1515 sunt
722 1478 1004 1515 vaticinationes
1036 1478 1081 1515 de
1113 1478 1224 1516 rebus
1245 1478 1303 1516 fu-

182 1547 300 1594 turis,
328 1558 413 1585 cum
446 1547 534 1584 alibi
567 1547 605 1585 in
638 1547 742 1584 Novi
769 1547 946 1585 Foederis
976 1547 1080 1585 libris
1107 1559 1304 1587 occurren-

183 1625 267 1664 tes,
311 1624 390 1654 tum
428 1617 583 1654 maxime
612 1616 859 1665 Apocalyplis
896 1617 1102 1657 Iohanneae
1137 1618 1327 1668 imagini-⁴

184 1687 256 1725 bus
292 1686 496 1725 involutae.
580 1686 623 1724 In
664 1687 802 1734 quibus
846 1689 953 1735 plura
989 1701 1142 1736 quoque
1174 1690 1305 1738 depre-

182 1757 395 1795 henduntur
410 1784 422 1803 ‚
439 1756 611 1794 nonnihil
634 1756 861 1794 conferentia
885 1758 929 1795 ad
948 1758 1152 1797 doctrinam
1169 1744 1306 1799 Chris·
1324 1809 1326 1811 Ι

182 1826 315 1865 tianam
356 1826 675 1876 amplificandam,
712 1827 962 1868 illustrandam
991 1840 1032 1867 ac
1080 1831 1304 1870 confirman-

183 1896 281 1934 dam.

232 1965 426 2014 Denique,
466 1966 504 2004 in
536 1965 677 2006 iudicio
711 1968 755 2006 de
790 1969 960 2008 doctrina
996 1970 1214 2010 Christiana
1249 1985 1306 2012 re·

183 2036 337 2084 gundo,
389 2035 676 2075 animadvertere
720 2049 791 2076 nos
836 2048 986 2087 oportet
1030 2042 1076 2079 ad
1123 2043 1304 2082 rationem

183 2105 429 2154 peculiarem,
463 2119 571 2155 quam
596 2107 711 2146 secuti
744 2108 898 2148 fuerunt
921 2120 957 2148 ec
988 2110 1067 2159 ipse
1101 2112 1303 2162 Christus,

188 2184 223 2214 ct
248 2177 420 2216 doctores
438 2177 484 2216 ab
512 2190 556 2216 eo
584 2178 709 2226 missi,
739 2179 776 2217 in
809 2180 1007 2228 disciplina
1035 2180 1133 2221 sacra
1160 2184 1307 2222 traden-

191 2246 237 2285 da
269 2249 543 2289 accommodate
571 2254 616 2288 ad
640 2258 789 2298 captum
813 2249 994 2299 usumque
1016 2263 1144 2292 eorum
1161 2283 1174 2304 ,
1208 2267 1306 2304 quo-

1224 2338 1240 2363 1·
1245 2338 1266 2364 U
1270 2338 1305 2366 111
