1544 2693
270 163 324 204 32
478 152 655 202 HERM.
684 156 711 200 J
715 154 806 203 OH.
841 154 1157 201 ROYAARDS
1295 160 1334 200 Ἡ

266 294 488 340 excitarem
524 291 783 335 Jacohum
818 290 930 333 illum
969 290 1219 344 Catsium,
1251 289 1365 338 Ροδ-

264 385 349 422 tam
379 377 510 435 gentis
540 382 706 419 nostrae
736 373 1069 429 dilectissimum3
1105 373 1221 419 cuius
1253 377 1363 432 poel-

261 467 402 513 mata,
430 474 479 503 ex
510 458 647 502 animo
677 456 750 515 pio
778 456 930 510 dueta,
966 457 1100 501 nullus
1139 471 1225 502 non
1259 472 1362 503 ves-

260 549 370 586 trum
407 539 536 585 novit.
633 538 722 582 Viri
768 538 889 582 huius
952 540 1144 584 recolatis
1197 555 1362 586 memo-

262 625 393 675 riam,
439 623 485 667 in
536 617 781 667 stabilienda
830 629 870 666 et
925 621 1078 666 tuenda
1126 623 1360 683 Republica

261 707 536 753 meritissimi!
595 706 717 750 Hunc
744 719 840 750 vero
856 737 868 760 ,
906 706 1022 763 cujus
1048 706 1158 760 vita,
1186 707 1241 751 ab
1266 707 1363 767 ipso

262 792 501 851 conscripta
544 791 742 848 cujusque
785 790 837 835 de
879 798 1014 835 morte
1065 790 1362 850 cogitationes,

260 891 463 921 summam
500 874 694 933 pietatem
737 888 833 931 erga
866 873 1002 917 Deum
1038 879 1272 927 testantur,
1317 873 1362 918 in

261 959 439 1018 politicis
467 958 600 1003 scenis
637 958 856 1002 advertas!
896 956 992 1009 ubi,
1029 956 1276 1012 legationem
1316 956 1362 1001 in

263 1043 537 1089 Brittanniam
575 1042 673 1085 mox
707 1040 919 1092 aditurus,
946 1054 970 1082 a
1010 1054 1204 1094 munere,
1245 1039 1363 1097 quod

261 1133 471 1185 gesserat,
502 1124 746 1183 gravissimo
773 1138 857 1167 non
889 1130 983 1167 ante
1007 1122 1208 1177 decessit,
1235 1138 1362 1180 quam

258 1211 302 1253 in
335 1208 590 1267 amplissimo
626 1207 831 1251 Ordinum
864 1206 1109 1249 Hollandiae
1137 1220 1361 1261 consessu,

258 1293 372 1337 flexis
403 1291 613 1351 genubus,
645 1291 782 1350 palam
811 1289 904 1334 Deo
933 1289 1087 1347 gratias
1111 1290 1259 1348 egisset
1279 1304 1362 1350 pro

259 1377 440 1436 acceptis
477 1375 716 1428 beneficiis,
744 1374 877 1431 Eique
905 1374 1069 1419 Patriae
1097 1388 1265 1419 causam
1290 1375 1362 1419 di-

259 1469 404 1506 casset.
453 1461 587 1513 Sane,
612 1459 646 1503 si
664 1459 776 1516 quod
792 1491 803 1511 2
830 1459 911 1502 hoc
936 1460 1216 1517 spectaculum
1231 1474 1361 1518 prae-

257 1545 347 1589 buit
392 1545 436 1587 in
474 1542 646 1586 historia
698 1549 869 1594 nostra,
917 1550 1228 1587 sacrosanctum
1275 1544 1362 1588 fere

260 1626 459 1671 dixerim!
519 1625 611 1668 Hoc
636 1623 865 1670 Oratorum
890 1633 1023 1681 neque
1046 1626 1266 1671 Poetarum
1289 1627 1360 1671 in·-

260 1711 370 1767 diget
404 1707 665 1768 praeconiis,
695 1714 740 1750 ut
773 1708 909 1765 palam
939 1708 1211 1766 profiteatur,
1250 1725 1360 1767 qua-

257 1795 337 1837 lem
370 1792 543 1836 coluerit
577 1790 831 1850 Respublica
863 1798 1004 1834 nostra
1046 1791 1256 1849 pietatem.

317 2059 382 2101 Ne
413 2056 520 2102 enim
547 2056 707 2099 dubitet
735 2054 963 2113 quispiam,
997 2071 1120 2108 num,
1158 2071 1281 2113 quam
1318 2058 1362 2101 in

260 2140 379 2193 viris,
401 2139 675 2198 Reipublicae
692 2138 1043 2191 Moderatoribus‚
1064 2140 1362 2198 spectavimus,

259 2225 451 2283 pietatem
496 2230 534 2266 et
575 2222 784 2280 religionis
830 2236 1011 2266 amorem
1053 2224 1235 2268 referant
1279 2239 1363 2269 non
