1544 2693
293 175 349 215 22
503 169 682 214 HERM.
713 169 739 212 J
744 168 837 213 ΟΗ.
872 164 1189 213 ROYAARDS

297 321 322 348 t(
354 304 486 348 Ddhm
533 302 828 360 abnegabimus
878 308 920 344 et
965 302 1137 347 verbum
1182 299 1400 346 divinum?

299 404 324 431 <c
357 387 483 444 Quod
516 400 615 429 vero
645 386 696 429 de
729 385 897 428 foedere
926 398 1018 428 cum
1052 383 1249 442 Principe
1290 397 1402 440 quo..

299 488 326 514 (ε
357 472 453 513 dam
477 469 664 526 quaeris,
699 468 806 512 scias
831 483 898 512 me
922 475 1041 521 ante,
1071 483 1196 525 quam
1218 481 1403 524 unquam

302 572 327 598 <c
358 555 517 598 hancce
536 568 703 604 causam
719 560 760 597 et
776 552 1179 596 Christianorum
1203 551 1405 595 aliorum-

302 654 328 681 «
356 652 436 695 que
463 651 761 697 oppressorum
787 637 833 680 in
855 636 969 680 hisce
997 635 1237 695 regionibus
1260 642 1342 680 tut
1354 649 1404 679 e-

283 737 330 763 -«
361 721 466 763 lam
499 720 554 763 in
580 735 658 764 me
689 720 1065 779 susceperim,
1094 719 1240 765 foedus
1265 717 1405 763 iniisse

304 820 331 848 «
360 804 635 848 firmissimum
665 818 760 848 cum
783 803 1025 862 Principum
1058 818 1254 864 supremo
1278 802 1406 848 Prin-

304 903 330 930 «
361 887 479 945 cipe,
511 902 595 944 quo
624 887 798 931 firmiter
826 887 1029 931 nitimur”
1065 896 1156 939 (10).

359 971 454 1014 Jam
470 1002 481 1022 ‚
508 971 561 1015 A.
575 972 627 1015 A.
652 970 913 1014 Guilielmum
937 970 1122 1022 huncce,
1140 970 1302 1022 Deum,
1331 982 1406 1013 so-

304 1052 411 1097 cium
446 1068 586 1106 suum,
627 1067 806 1109 quocum
836 1053 982 1097 foedus
1021 1051 1193 1104 inierat,
1233 1050 1407 1110 praedi-

302 1143 490 1188 cantem,
536 1137 798 1180 conferamus
833 1150 927 1180 cum
964 1135 1187 1195 Philippo,
1236 1141 1406 1194 pactum

302 1219 466 1263 ineunte
483 1232 578 1262 cum
608 1218 796 1277 Casparo
823 1219 1051 1263 d'Anastro
1067 1250 1078 1271 ‚
1111 1217 1183 1274 qui
1205 1217 1409 1262 Arausia-

282 1316 396 1345 ‘cum
433 1301 762 1347 interficiendum
801 1309 986 1355 curaret,
1014 1310 1054 1346 et
1093 1301 1251 1360 patebit
1283 1301 1407 1345 nobis

284 1384 550 1438 discrimen,
619 1386 734 1442 quod
788 1386 985 1444 pietatem
1038 1385 1260 1430 intercedit
1313 1399 1408 1429 vere

305 1467 583 1511 Christianam
616 1476 656 1512 et
682 1468 852 1527 impiam
889 1467 1222 1526 superstitionem
1259 1475 1407 1526 tyran-

303 1550 538 1606 nidemque.

361 1715 472 1773 Quid
518 1723 602 1767 est,
672 1716 786 1772 quod
832 1704 1117 1771 quaecunque
1154 1715 1313 1774 peregit
1368 1724 1408 1760 et

301 1796 506 1857 praestitit
540 1796 776 1841 Guilielmus
812 1811 906 1841 cum
938 1797 1002 1842 his
1037 1812 1224 1857 congrua
1263 1806 1408 1843 osten-

303 1882 472 1924 damus!
506 1880 691 1938 Tempus
714 1881 875 1925 deficiet
900 1889 939 1925 et
963 1883 1090 1935 hora,
1109 1884 1244 1930 A.A.!
1264 1883 1407 1928 Unum

302 1963 499 2007 attendite
532 1964 677 2007 foedus
716 1965 997 2022 Trajecfinum
1033 1967 1274 2026 oppositum
1312 1967 1407 2010 foe-

305 2048 395 2091 deri
431 2047 548 2091 alteri
584 2048 862 2102 Bruxellensi,
903 2065 987 2106 quo
1033 2051 1285 2110 principium
1331 2050 1408 2094 Ci-

304 2131 440 2174 vitatis
467 2139 632 2174 nostrae
666 2139 707 2175 et
736 2132 946 2177 Ecclesiae
981 2134 1297 2178 subvertebatur
1321 2142 1405 2183 (ιι).

303 2215 371 2262 Illo
395 2230 493 2259 vero
514 2214 584 2272 pio
604 2215 739 2259 animo
767 2217 1074 2275 persecutiones
1101 2232 1241 2262 arcere
1256 2218 1404 2271 voluit,

1527 2055 1544 2693 J
