1487 2703
178 174 226 200 20
397 157 1060 199 COMMENTATIO

178 281 290 318 quare
322 269 499 307 simulans
532 278 573 305 se
602 266 694 304 hanc
727 265 775 304 ob
808 275 882 304 rem
906 266 1036 311 urbem
1064 277 1167 306 suam
1193 266 1288 306 velle

178 341 337 385 ulcisci,
375 339 531 376 collecta
563 348 700 383 manu,
729 335 1008 375 Gadarenorum
1034 333 1289 386 etHippeno-

182 422 261 448 rum
291 408 421 454 vicos,
449 407 516 454 qui
549 405 612 444 siti
645 414 747 444 erant
778 405 817 444 in
848 406 1024 446 confiniis
1059 407 1162 446 urbis
1195 408 1289 457 Sep·

180 479 312 527 phoris
328 506 341 525 ,
368 477 540 515 incendio
573 475 724 515 delevit.

231 548 430 588 Gischalae
458 546 647 596 Johannes
694 546 873 594 quidam,
916 546 1013 586 Levi
1049 546 1148 586 filius
1183 547 1290 588 cives

183 621 221 658 in
259 618 331 656 fide
372 616 551 655 Romanis
598 615 680 654 data
726 614 884 654 retinere
934 616 1139 655 studuerat.
1219 617 1295 656 Sed

180 689 342 735 frustra3
383 698 467 724 nam
503 684 636 735 populi
669 683 784 722 vicini
822 684 952 723 urbem
983 685 1023 724 vi
1058 695 1294 735 expugnave-

181 767 260 797 rant
276 785 289 806 ‚
316 759 477 804 soloque
503 757 825 803 adaequaverant,
868 767 946 803 quo
974 755 1074 795 facto
1103 756 1296 807 Johannes

180 829 349 877 sociique
387 838 485 865 arma
526 834 765 866 sumserunt:
815 837 901 864 cum
943 835 1065 865 autem
1101 827 1294 876 Josephus

181 898 400 945 adveniret,
451 896 490 934 in
525 906 580 934 eov
603 903 678 933 erat
711 903 753 933 ut
790 895 895 934 urbis
933 896 1081 935 moenia
1115 906 1296 936 restaura·

182 975 324 1005 rentur.

232 1034 427 1083 Gamala,
455 1033 546 1071 urbs
579 1032 877 1082 Transjordana‚
916 1034 956 1071 in
986 1045 1051 1073 ora
1081 1036 1185 1074 lacus
1222 1036 1301 1076 Ta-

184 1106 339 1144 richaeis
375 1105 561 1150 obversa,
609 1113 734 1151 usque
770 1103 816 1141 ad
844 1102 1003 1153 Josephi
1033 1104 1230 1144 adventum
1260 1106 1299 1144 in

183 1177 255 1214 fide
290 1176 550 1214 Romanorum
581 1181 777 1211 manserat.
847 1173 1044 1222 Philippus
1078 1175 1175 1213 enim
1217 1176 1301 1224 qui·

181 1247 262 1284 dam
295 1244 427 1294 Jacimi
464 1244 563 1282 filius
598 1243 785 1292 Agrippae
809 1243 905 1291 regis
929 1244 1168 1293 praefectus,
1194 1254 1302 1295 post-

185 1326 294 1364 quam
322 1325 343 1353 e
366 1314 496 1352 multis
526 1313 700 1362 periculis
731 1322 922 1361 evaserat,
957 1314 1003 1353 ad
1033 1315 1157 1354 vicum
1184 1326 1302 1364 quen-

186 1386 267 1424 dam
302 1395 420 1433 prope
452 1383 606 1423 Gamala
631 1382 806 1430 advenit‚
832 1394 993 1431 cumque
1024 1383 1078 1421 ibi
1102 1383 1198 1422 febri
1218 1397 1303 1427 cor->

187 1464 316 1505 reptus
358 1454 499 1501 fuerit,
551 1453 689 1491 litteras
730 1452 832 1490 misit
875 1453 1066 1502 Agrippae
1103 1454 1229 1494 liberis
1264 1463 1302 1494 et

187 1525 300 1564 uxori
334 1523 546 1563 Berenicae.
599 1523 678 1561 Has
705 1531 827 1561 autem
854 1521 977 1561 Varus
1011 1524 1077 1571 qui
1108 1533 1199 1564 tunc
1222 1537 1303 1575 reg·

188 1604 277 1634 uum
307 1592 585 1633 administrabat
601 1620 614 1639 ‚
643 1603 728 1640 rege
749 1592 931 1640 absente,
958 1594 1126 1642 accepit,
1153 1605 1302 1635 servum

190 1666 256 1714 qui
303 1676 364 1704 eas
411 1665 547 1702 tulerat
584 1662 722 1700 occidit
765 1671 802 1700 et
846 1662 1052 1702 immaniter
1094 1665 1228 1704 saeviit
1262 1667 1302 1705 in

185 1736 372 1785 judaeos:
418 1743 498 1772 tum
532 1732 638 1771 etiam
679 1732 808 1770 urbem
843 1733 1068 1772 Ecbatanam
1105 1735 1303 1784 adgressus

192 1815 262 1844 est.
311 1804 440 1854 Judaei
470 1814 560 1842 vero
592 1813 679 1839 cum
715 1802 892 1851 Philippo
921 1802 961 1840 in
990 1803 1182 1842 castellum
1228 1805 1306 1846 Ga-

192 1876 305 1912 malae
332 1886 414 1912 sese
435 1873 675 1911 contulerunt
698 1881 734 1910 et
757 1872 881 1920 Varo,
909 1882 1109 1921 postquam
1136 1887 1199 1914 rex
1223 1877 1304 1926 ejus

190 1944 341 1982 crimina
367 1942 638 1991 comperisset,
665 1942 821 1981 Modius
847 1943 1080 1990 Aequicolus
1106 1947 1302 1986 successit.

190 2013 419 2062 Impediebat
449 2021 569 2050 autem
605 2012 800 2060 Philippus
841 2013 993 2051 Gamala
1034 2023 1070 2053 et
1109 2016 1302 2056 finitimam

197 2083 381 2132 regionem
405 2110 419 2130 ,
473 2082 674 2130 quominus
712 2094 732 2119 a
772 2083 843 2120 fide
893 2084 1072 2122 Romanis
1117 2086 1197 2124 data
1242 2086 1306 2125 de-

188 2155 418 2201 sciscerent,
446 2164 522 2203 quo
556 2161 723 2203 tempore
746 2152 937 2202 Josephus
957 2153 993 2191 in
1019 2154 1218 2194 Galilaeam
1242 2158 1305 2195 ad-

194 2223 377 2262 veniebat.

1206 2296 1304 2334 Ade-
