1544 2693
497 199 877 244 ORATIO.
985 212 987 215 ·
1215 193 1274 246 19

160 330 219 376 dit
257 333 301 376 in
343 333 561 392 desperata
594 332 860 378 haud-semel
901 333 1068 377 Patriae
1107 333 1259 376 condi-

155 416 293 474 tione3
332 417 438 463 haec
477 433 569 462 eum
606 417 727 477 jussit
755 417 893 462 Deum
927 430 1153 477 agnoscere
1183 432 1257 461 re-

153 516 245 545 rum
273 501 458 545 omnium
491 501 766 546 humanarum
805 501 1112 546 moderatorem
1147 502 1256 545 fide..

152 585 378 639 lissimum,
408 586 514 630 adeo
541 593 586 629 ut
613 599 778 630 omnem
804 586 901 630 belli
925 587 1135 631 fortunam
1161 586 1269 631 Deo

153 676 367 728 acceptam
409 664 607 724 referret3
658 669 763 713 haec
805 669 1000 713 fiduciam
1050 669 1254 729 principis

152 752 337 812 reposuit
361 751 404 795 in
429 752 524 795 Deo
550 750 848 805 certissimam,
871 753 983 796 nullo
1009 760 1137 812 pacto
1156 768 1254 796 mo-

150 834 338 878 vendam.
407 833 522 877 Haec
571 832 737 888 effecit,
776 843 823 880 ut
873 849 948 880 suo
997 836 1254 882 satisfaceret

149 917 370 977 Symboloz
405 921 551 962 saevis
583 922 862 976 tranquillus
891 923 938 963 in
969 923 1116 963 undis.

163 1001 428 1054 2Pr0fecto,
461 1001 532 1057 qui
562 1009 710 1046 cuncta
744 1002 907 1049 haecce¹
936 1018 986 1048 ex
1020 1016 1103 1048 una
1139 1003 1252 1062 poli-

147 1083 229 1128 tica
252 1083 501 1143 prudentia,
539 1091 611 1128 aut
648 1084 803 1143 ingenii
832 1086 1056 1143 sagacitate
1087 1094 1128 1130 et
1149 1101 1252 1146 per-

148 1168 388 1227 spicacitate
410 1168 619 1226 explicare
647 1177 822 1214 conatur
837 1201 850 1223 ‚
873 1194 931 1207 ·-
962 1171 1076 1227 quod
1100 1171 1250 1228 injuste

144 1251 188 1294 in
235 1266 329 1295 cum
367 1252 629 1295 contulerunt
676 1252 881 1297 Strada
918 1261 958 1298 et
994 1253 1249 1299 Bentivo—

143 1335 256 1393 glio
275 1364 330 1373 --
359 1337 459 1379 nae!
488 1336 547 1390 is,
572 1350 617 1380 se
636 1336 861 1381 humanam
880 1340 1145 1398 perspexisse
1163 1355 1246 1383 na-

143 1426 299 1472 turam,
318 1425 388 1462 aut
398 1418 601 1462 Guilielmi
615 1420 725 1464 facta
737 1452 749 1474 ‚
775 1421 864 1465 sine
880 1421 1062 1480 partium
1084 1424 1245 1474 studio,

144 1502 391 1560 dijudicare⁷
406 1502 486 1546 sibi
499 1517 585 1546 non
599 1504 862 1561 persuadeat.
893 1506 1037 1549 Virum
1052 1507 1244 1551 attendas

142 1585 401 1643 loquentem,
424 1586 674 1630 scribentem
690 1619 703 1639 ,
735 1595 949 1645 agentem,
977 1603 1111 1647 neque
1137 1590 1246 1634 faci-

143 1671 181 1714 le
213 1669 363 1714 dubius
395 1670 447 1713 de
472 1669 588 1714 hisce
612 1670 820 1718 haerebis,
878 1672 1020 1730 Quid,
1061 1689 1248 1731 quaeso,

143 1761 228 1807 est,
254 1753 369 1811 quod
391 1753 620 1798 incitaverit
643 1754 921 1809 Guilielmum‚
949 1757 1021 1814 qui
1041 1758 1244 1804 libertatis

142 1851 292 1882 causae
323 1837 450 1883 vitam
485 1838 678 1882 dicaret?
710 1865 764 1875 --
820 1840 1049 1886 Audiamus
1075 1842 1241 1901 ipsum!

141 1921 311 1966 Testem
361 1935 454 1965 eum
511 1921 738 1976 habemus,
795 1922 839 1965 in
890 1926 1128 1981 Apologia
1168 1942 1243 1971 sua

139 2006 411 2059 referentem,
455 2020 498 2050 se
544 2006 598 2050 ab
647 2021 697 2050 eo
746 2006 844 2052 inde
890 2014 1109 2067 tempore,
1158 2024 1243 2067 quo

139 2104 187 2134 ex
222 2089 403 2135 Henrico
440 2089 548 2134 inter
582 2090 816 2135 venandum
859 2100 1112 2150 cognoverat
1144 2095 1247 2138 reli-

140 2171 273 2230 gionis
304 2172 537 2222 libertatem
570 2173 816 2232 periclitari,
855 2181 1112 2233 cunctosque
1138 2176 1246 2222 hae-

139 2255 290 2300 reticos
334 2257 595 2302 interfectum
646 2258 720 2311 iri,
784 2266 918 2304 sacro'
958 2261 1117 2305 'ardore
1155 2262 1247 2321 *sibi

1017 2346 1078 2387 2*
