1544 2693
288 224 359 261 2²4
535 209 1185 251 COMMENTATio

289 323 423 370 poterit
460 331 531 367 eo,
562 320 663 367 quod
689 320 932 367 respondetur
971 321 1015 356 ad
1041 319 1292 366 quaestionem
1329 320 1393 356 28.

290 391 398 443 Quid
420 391 516 428 nobis
540 388 687 439 prodest
726 390 881 438 cognitio
916 389 1114 426 creationis
1142 396 1176 425 et
1202 385 1396 438 providen-

292 464 368 499 tiae
399 459 581 498 divinae?
620 457 833 495 Nimirum:
873 460 976 494 utin
999 456 1156 503 advorfis
1187 457 1394 506 patientes,

290 533 331 568 in
356 529 525 576 secundis
547 528 656 577 grati
680 527 816 575 fimus,
841 528 880 563 in
893 527 1076 575 futurum
1107 528 1193 564 νσνὸ
1222 526 1394 577 optimam

291 601 333 639 in
354 598 434 638 Deo
462 596 634 647 fidissimo
664 596 782 633 Patre
808 595 909 646 spem
946 595 1138 646 repositam
1171 594 1397 641 babeamus,

291 670 390 707 certo
412 666 592 714 scientes,
631 665 730 703 nihil
764 664 835 713 esse
859 664 959 715 quod
986 677 1047 703 nos
1082 663 1131 702 ab
1163 666 1240 702 eius
1272 671 1396 701 amore

295 739 485 787 abstrahat
499 766 513 785 ,
539 735 831 787 quandoquidem
867 747 983 773 omncs
1005 743 1205 772 creaturae
1231 736 1288 771 ita
1304 732 1398 779 sum

291 810 336 844 in
363 809 438 846 eius
468 806 640 858 potestate
658 835 671 855 ‚
707 815 749 844 ut
772 805 851 855 fine
885 806 961 843 cius
988 803 1174 851 arbitrio,
1201 815 1273 842 non
1297 800 1400 841 modo

296 877 394 917 nihil
417 888 552 927 agere,
571 874 642 923 sed
671 888 716 913 nc
741 877 879 913 moveri
905 872 1049 924 quidem
1074 872 1219 924 possint.
1269 869 1372 922 Quid
1387 900 1400 920 ‚

299 945 455 993 quaeso,
503 943 684 982 concifius
703 973 718 994 ,
754 942 950 981 dilucidius
998 953 1034 980 et
1079 942 1124 979 ad
1168 940 1397 990 propofitum

298 1013 632 1060 accommodatius,
659 1011 845 1050 enunciari
872 1012 1036 1060 poterit,
1063 1009 1305 1058 descriptione
1330 1009 1398 1047 bo-

300 1092 432 1119 norum
468 1092 648 1130 operum,
682 1091 782 1127 resp.
815 1090 880 1130 91.
931 1080 1090 1118 Tantum
1118 1091 1188 1126 ea,
1226 1091 1321 1129 quae
1354 1090 1400 1117 cx

299 1151 394 1188 verd
419 1149 494 1198 fide
508 1178 520 1197 ,
541 1149 741 1198 fecundum
767 1150 878 1199 legem
907 1149 982 1187 Dei
1012 1147 1111 1197 fiunt
1126 1177 1140 1196 ,
1179 1158 1216 1187 et
1248 1146 1302 1187 ad
1325 1151 1400 1187 eius

295 1220 410 1270 solius
431 1221 591 1270 gloriam
623 1218 870 1267 referuntur;
895 1231 965 1257 non
999 1231 1044 1255 ca
1074 1227 1197 1256 autem
1214 1245 1227 1264 ‚
1255 1228 1350 1267 quae
1377 1230 1402 1255 a

303 1290 400 1327 nobis
445 1291 606 1340 opinione
646 1293 739 1326 recti
777 1288 931 1336 conficta
947 1315 960 1334 ‚
1011 1298 1080 1325 aut
1117 1288 1163 1325 ab
1202 1286 1403 1326 hominibus·

303 1357 451 1396 tradita
474 1357 580 1404 sunt.

355 1427 446 1464 Non
481 1427 648 1474 equidem
672 1437 795 1474 nege,
822 1427 999 1464 nonnulla
1025 1426 1139 1463 videri
1166 1425 1403 1473 productiora

307 1505 342 1534 et
361 1503 504 1543 praeter
526 1496 676 1534 modum
702 1497 948 1534 excurrentia.
999 1495 1140 1532 Verum
1166 1495 1271 1532 istam
1298 1494 1405 1531 uber-

309 1572 417 1601 tatem
457 1565 599 1612 peperit
625 1563 816 1602 necessitas
832 1591 845 1608 ,
869 1564 1061 1612 genuinam
1100 1563 1243 1601 Christi
1271 1564 1408 1601 doctri-

308 1645 391 1674 nam
425 1633 633 1682 probandi,
680 1634 885 1672 illustrandi
920 1643 956 1671 et
987 1632 1227 1679 defendendi,
1278 1641 1406 1671 contra

311 1703 529 1751 opinionum
572 1713 801 1749 commenta,
840 1703 1008 1751 religioni
1053 1703 1163 1740 noxia
1209 1711 1243 1740 et
1284 1703 1406 1750 perni-

310 1772 419 1809 ciosa.
487 1772 591 1810 Hanc
620 1782 717 1810 certe
753 1771 1001 1810 necessitatem
1041 1771 1248 1819 Theologis
1279 1772 1409 1810 Palati—

314 1844 394 1889 nis,
431 1843 467 1879 in
500 1843 605 1880 causa
633 1840 927 1888 iustificationis,
953 1853 1054 1889 resp.
1085 1843 1248 1889 59—64.
1276 1849 1312 1879 et
1341 1841 1411 1878 Sa-

311 1924 580 1955 cramentorum
597 1941 610 1960 ,
640 1925 672 1951 r.
700 1915 863 1961 65—80.
892 1911 1005 1950 fuisse
1037 1911 1269 1961 impofitam,
1302 1921 1409 1953 nemo

313 1996 388 2026 uon
424 1985 532 2031 paulo
564 1982 804 2031 perspicacior
830 1981 1014 2031 iutelligit.
1130 1972 1133 1973 ⁷

361 2054 496 2101 Neque
528 2064 596 2101 ego
627 2051 794 2098 inficior,
848 2050 923 2090 esse
956 2053 1036 2090 loca
1073 2051 1278 2099 nonnulla,
1318 2063 1415 2099 quae-

314 2123 558 2171 imperitiores
599 2121 788 2160 difficulter
827 2122 967 2168 absque
1010 2120 1220 2168 interpretis
1267 2120 1409 2159 auxilio

315 2194 530 2241 intelligant.
583 2192 721 2230 Verum
748 2191 838 2228 idern
874 2202 944 2239 ego
983 2191 1188 2237 contende,
1217 2199 1410 2238 propterea

316 2263 516 2312 culpandos
548 2272 624 2300 nou
651 2260 725 2301 esse
750 2261 972 2300 catechismi
997 2261 1208 2309 scriptoreS.
1261 2262 1302 2299 In
1329 2261 1408 2298 aliis

1312 2340 1411 2371 emm.
