1487 2703
189 191 239 226 86
412 180 1076 224 COMMENTATIO

191 297 252 334 vei
281 294 385 343 quasi
416 293 494 331 fato
517 292 662 331 cuidam
685 302 800 329 coeco
832 289 1031 337 adscribit,
1059 290 1174 329 verbo
1195 301 1306 338 quam

195 365 442 413 Theosophia
483 376 537 402 ea.
613 366 665 401 At
708 372 784 400 non
822 361 873 399 ita
905 361 1118 409 Josephus;
1172 361 1308 410 majora

195 435 291 473 enim
333 435 578 472 emolumenta
621 444 730 480 quam
766 432 981 470 detrimenta
1016 431 1050 469 ei
1088 432 1213 470 attulit
1248 430 1306 468 in-

197 505 352 553 quisitio
386 505 424 541 in
447 505 672 542 Essaeorum
710 501 922 551 opiniones,
978 501 1075 539 Nam
1111 502 1143 539 ei
1180 502 1218 539 in
1245 502 1308 539 de-

197 585 297 612 serto
329 574 474 622 degenti
503 574 641 622 optima
677 572 751 610 fuit
777 573 922 610 occasio
954 572 1079 608 Mosis
1110 571 1308 618 propheta-

198 656 354 692 rumque
377 644 516 692 scripta
540 643 756 690 scrutandi,
782 654 867 681 cum
903 643 1024 680 Banus
1050 642 1136 689 ille,
1163 642 1208 679 de
1232 652 1308 688 quo

197 715 414 761 ceteroquin
445 714 497 751 nil
521 714 659 751 scimus
689 712 767 763 (cf,
795 713 892 761 Cap.
921 713 952 751 Ι.
981 713 1014 763 §.
1047 711 1131 760 1.)‚
1159 712 1223 750 sed
1248 712 1315 759 qui

199 786 280 825 sine
304 784 418 822 dubio
446 782 520 822 fuit
549 783 607 822 vir
638 783 937 831 eruditissimus,
967 782 1052 839 quia
1075 794 1120 820 ex
1149 791 1208 820 tot
1233 781 1313 823 aliis

202 868 221 894 a
261 854 427 905 Josepho
469 856 623 904 eJ’usque
662 853 876 902 parentibus
923 854 1151 901 eligebatur,
1203 853 1235 891 ei
1275 853 1314 890 in

203 926 307 964 hisce
347 925 498 974 scriptis
535 925 811 972 intelligendis,
864 934 1082 973 praeceptor
1118 923 1151 961 ei
1198 922 1316 961 fuerit

205 995 400 1045 egregius3
429 1005 466 1033 et
504 995 673 1043 quamvis
709 995 768 1031 hic
798 1003 834 1032 et
865 994 937 1031 illic
966 994 1004 1032 in
1027 994 1106 1043 ejus
1136 992 1312 1040 operibus

206 1067 318 1114 hujus
352 1065 617 1113 Theosophiae
647 1064 803 1113 vestigia
839 1064 1075 1111 invenimus,
1129 1062 1319 1101 fatendum

207 1144 329 1173 tamen
362 1143 445 1182 est,
492 1135 579 1173 haec
605 1146 681 1172 non
715 1145 847 1184 magno
879 1146 960 1172 esse
989 1145 1170 1181 numero,
1208 1145 1318 1181 quae-

211 1216 310 1253 que,
332 1216 377 1242 eo
404 1206 554 1242 nolente
584 1206 755 1251 volente,
782 1204 819 1242 in
846 1205 925 1254 eJ‘us
949 1204 1111 1242 animum
1147 1214 1231 1242 sese
1254 1204 1322 1241 ob·

213 1276 376 1314 trudisse
407 1275 579 1313 videntur
607 1276 689 1319 (1).

259 1346 315 1382 Ita
350 1353 470 1382 autem
509 1344 811 1392 sadduceorum,
837 1344 1139 1391 Essaeorumque
1177 1341 1323 1390 placitis

212 1413 351 1451 relictis
383 1414 428 1451 ad
460 1414 674 1452 Pharisaeos
700 1425 781 1451 sese
810 1408 1011 1451 convertit.
1064 1414 1116 1452 Et
1142 1414 1242 1450 nulla
1268 1424 1327 1451 sa·

211 1495 259 1522 ne
289 1494 468 1522 sectarum
497 1484 592 1522 inter
616 1484 778 1533 Judaeos
811 1482 1012 1532 vigentium
1040 1483 1073 1520 ei
1097 1483 1211 1531 magis
1237 1494 1325 1531 pro-

211 1557 316 1593 desse
344 1554 469 1602 potuit
505 1565 614 1600 quam
650 1555 795 1593 haecce.
864 1553 1046 1603 Quamvis
1081 1553 1177 1591 enim
1219 1551 1330 1590 multi

215 1625 311 1663 inter
340 1636 408 1662 eos
448 1623 601 1662 fuerunt
634 1624 893 1666 simulatores,
943 1625 1150 1673 ὑποκριταί,
1204 1623 1260 1660 uti
1290 1623 1328 1660 in

215 1696 272 1735 N.
301 1695 353 1733 T.
382 1694 573 1732 verissime
607 1693 800 1741 dicuntur,
829 1703 957 1730 omnes
992 1702 1111 1731 tamen
1143 1702 1220 1730 non
1251 1692 1326 1740 ita3

220 1775 256 1804 et
295 1765 512 1812 ceteroquin
555 1776 602 1802 ex
638 1763 867 1812 pravissimis
906 1763 1018 1800 rebus
1056 1762 1196 1811 optima
1229 1771 1330 1800 certe

218 1845 273 1874 est
300 1836 478 1884 eligenda.
534 1835 625 1872 Non
658 1834 766 1872 etiarn
804 1833 864 1871 hic
896 1833 1085 1880 loquimur
1117 1833 1162 1870 de
1201 1832 1331 1870 morali

220 1917 346 1942 eorum
383 1903 625 1950 conditione,
682 1904 746 1941 sed
784 1902 981 1940 videndum
1015 1911 1091 1950 est,
1146 1910 1329 1949 quatenus

220 1987 346 2013 eorum
373 1974 507 2023 placita
531 1982 566 2011 et
586 1973 785 2019 instituta,
814 1973 859 2010 ad
885 1972 1053 2010 historici
1074 1981 1230 2009 mentem
1256 1971 1332 2009 ani-

221 2057 397 2094 mumque
424 2044 723 2091 informandum,
750 2041 977 2091 profuerint.

1227 2091 1328 2130 Cum

261 2174 311 2212 (1)
331 2175 504 2213 Josephus‚
539 2181 570 2201 v.
598 2181 628 2207 g·
665 2172 780 2207 credit,
816 2173 867 2199 vel
896 2172 1003 2200 saltem
1038 2170 1162 2199 credere
1194 2169 1332 2204 simulat,

221 2233 349 2261 Essaeos
370 2239 464 2266 seque
492 2231 581 2259 etiam
606 2232 706 2258 sutura
721 2237 812 2264 posse
830 2236 1036 2264 pernoscere,
1057 2236 1089 2256 v.
1112 2235 1142 2261 g.
1163 2226 1329 2263 sse11.Jud.

217 2291 275 2320 ΙΙΙ.
303 2295 331 2320 3.
354 2293 382 2327 5.
405 2299 434 2325 9.
457 2296 524 2324 sqq.
547 2296 577 2317 et
596 2287 722 2317 somniis
741 2288 865 2317 multum
889 2284 1009 2316 tribuit.
1029 2284 1081 2313 Cf.
1105 2284 1185 2319 vita,
1205 2279 1239 2321 §.
1260 2292 1309 2320 42.
