1487 2703
351 166 628 207 BOTANICO
639 187 656 197 -
669 165 1049 222 OECONOMICA.
1201 169 1248 212 87

145 303 171 323 „
193 277 254 313 nie
267 301 280 322 ‚
307 284 395 313 wast
418 272 532 313 ander
555 275 710 313 d’aerde
726 276 815 314 ende
832 277 945 315 scbict
967 288 1030 314 een
1053 276 1133 324 loof
1145 279 1217 326 affe
1235 300 1249 317 ι

141 371 169 393 ,,
191 345 269 383 min
303 344 357 390 oft
391 357 489 383 mcor
521 345 578 383 als
614 344 742 383 wildcn
776 346 888 393 haul,
932 345 1003 394 (ι)
1040 344 1099 383 die
1138 344 1250 383 ondet-

142 441 168 463 „
191 414 304 453 karen
331 414 467 454 wast?
493 415 562 464 (2)

187 482 369 522 Videmus
407 495 452 522 ex
491 484 594 522 hisce
639 496 766 532 parum
801 483 1033 523 innotescere
1082 486 1243 533 plantam

139 553 185 592 de
220 565 293 601 qua
326 565 397 593 nos
427 554 600 602 agimus,
638 556 704 593 sed
738 556 912 604 maiorem
957 556 1076 593 lucem
1125 555 1249 593 attulit

137 622 399 662 Bauhinus
437 624 493 661 uti
533 623 725 671 diximus,
772 624 914 672 primus
958 625 1070 675 hujus
1104 626 1248 673 plantae

134 693 343 742 descriptor
366 693 588 742 Botanicus3
628 694 804 732 describit
833 705 966 743 nempe
1005 706 1082 732 eam
1120 693 1170 732 ita
1206 704 1248 732 ut

135 761 244 801 facile
260 763 416 811 intelligi
442 762 566 811 possit
585 774 790 800 sermonem
816 774 897 801 esse
921 763 965 800 de
989 764 1122 802 Salano
1137 765 1248 811 ,tube-

134 842 215 870 νοω
237 832 319 879 L.;
349 832 459 869 nimis
485 833 604 880 ampla
627 841 747 870 autem
773 841 830 870 est
858 833 1088 882 descriptio,
1116 843 1157 871 ut
1187 833 1247 872 hic

133 900 315 949 inseram,
342 902 495 949 insuper
528 902 619 940 satis
652 902 742 940 duxi
784 902 958 946 exhibere
992 914 1067 940 eam
1096 903 1248 941 Mori·

134 969 305 1017 sonii,
341 981 437 1018 quae
466 970 680 1008 Bauhini
703 979 815 1019 atque
839 972 1005 1010 Clusii
1028 973 1247 1021 descriptio-

133 1050 200 1080 nes
234 1039 346 1078 simul
380 1040 486 1088 quasi
512 1041 786 1089 complectitur.

182 1109 226 1148 In
262 1110 512 1158 descriptione
548 1119 736 1157 attamen,
783 1113 903 1158 qualis
940 1112 1144 1159 requiritur
1176 1125 1244 1160 pro

131 1189 321 1218 momento
354 1180 515 1218 incertus
560 1180 672 1226 *haesi
715 1188 752 1218 et
798 1181 942 1228 qualern
991 1183 1149 1230 exempli
1188 1185 1246 1219 in-

131 1258 209 1289 star
252 1261 433 1288 sumerem
477 1249 681 1297 quaesivi,
720 1251 786 1288 sed
821 1250 1026 1297 respiciens
1079 1252 1125 1288 ad
1162 1263 1246 1298 per-

131 1328 295 1366 magnam
333 1320 548 1356 varietatum
595 1319 774 1366 copiam,
825 1331 919 1366 quae
955 1319 1111 1357 diversis
1149 1321 1243 1358 locis

129 1386 282 1426 diverso
315 1389 465 1426 nomine
502 1388 657 1426 veniunt
673 1416 686 1434 ‚
714 1389 765 1426 ita
791 1397 834 1426 ut
858 1388 1014 1427 maxima
1037 1389 1122 1427 inde
1147 1390 1245 1428 oria-

130 1467 194 1496 tur
228 1458 445 1504 difficultas,
493 1469 608 1504 quum
647 1458 752 1495 etiam
788 1470 896 1506 saepe
933 1470 1008 1496 uno
1039 1460 1243 1507 eodemque

131 1526 283 1566 nomine
309 1527 537 1575 intelligatur
557 1527 698 1575 species
729 1527 896 1574 diversa,
933 1529 1001 1576 (3)
1029 1531 1241 1577 suspicatus

132 1610 216 1636 sum
243 1597 436 1644 sufficere,
465 1606 506 1634 ut
536 1608 670 1644 sequar
694 1609 770 1634 eam
796 1597 1042 1644 Linnaei‚
1069 1599 1130 1643 cni
1153 1600 1244 1636 deli·

133 1669 339 1708 neationem
372 1667 585 1717 ampliorem
626 1668 835 1716 adJ‘ungam.
903 1668 1114 1717 Quibusvis
1140 1679 1242 1706 nem-

1193 1751 1240 1787 pe

173 1843 231 1883 (1)
251 1844 380 1873 Herbam
396 1852 410 1871 a
425 1843 543 1872 Cieca
558 1849 625 1869 curn
647 1842 824 1886 Papaverev,
849 1851 916 1872 cum
936 1847 1101 1880 Argemone
1123 1856 1138 1874 a
1157 1850 1243 1879 car-⁷

135 1904 234 1932 dano
260 1908 460 1936 comparatam
477 1900 618 1927 vidimus.

171 1959 224 1998 (ε)
243 1960 310 1995 Jan
331 1959 376 1985 de
402 1958 521 1991 Latet,
543 1958 665 1986 Nteuve
681 1957 809 1984 wereldt
825 1958 886 1993 oste
905 1943 1151 1995 {eschrijm’nghe
1176 1969 1236 1992 van

134 2016 377 2050 Wtst-Indiin,
397 2014 524 2047 Leijden
546 2015 615 2048 1625
628 2034 638 2048 ,
659 2014 697 2042 X.
714 2014 836 2047 Βοεεὶζ,
858 2020 872 2044 5
894 2014 970 2049 Cap.
988 2023 1057 2049 pag.
1073 2022 1139 2052 307,

171 2072 222 2108 (3)
250 2072 335 2099 Voce
373 2071 492 2106 speciei
526 2068 584 2103 iam
615 2068 707 2096 variis
741 2069 816 2096 locis
852 2077 922 2096 usus
950 2078 1014 2098 sum
1050 2078 1079 2099 et
1112 2072 1237 2106 perinde

134 2136 219 2163 utar3
239 2136 278 2156 ne
301 2135 401 2156 autem
425 2125 497 2154 mihi
513 2126 750 2154 controversiam
766 2125 968 2161 computetis,
991 2127 1042 2161 qui
1063 2136 1134 2156 mox
1153 2129 1238 2157 dixe·

133 2187 190 2215 rim
213 2185 402 2214 solummodo
426 2184 604 2211 Varieeam
635 2190 712 2212 esse.
750 2185 860 2211 Verum
889 2191 1006 2212 memor
1037 2184 1119 2214 illius
1144 2187 1234 2216 dicrit

136 2245 243 2272 ulem
263 2243 356 2272 verba
381 2249 458 2275 usu,
477 2247 562 2268 more
579 2239 706 2268 aliorum
725 2239 853 2268 servabo
869 2247 900 2268 et
918 2248 985 2274 ego.
