1487 2703
220 222 272 258 60
444 207 1113 278 COMMENTAT-ro

217 339 299 365 sors
339 327 377 365 id
413 327 618 376 indicaret3
647 328 678 365 is
717 337 806 364 vero
841 327 907 374 qui
942 327 1094 366 ultimus
1125 337 1249 376 esset,
1275 341 1335 369 se-

215 397 445 445 metipsum
497 397 696 435 occideret.
774 397 890 447 Quod
938 407 973 435 et
1014 398 1137 437 locum
1178 399 1333 446 habuit3

214 478 375 514 cumque
403 467 483 515 ipse
508 466 699 515 Josephus
727 467 879 505 ultimus
914 467 1020 517 (sive
1046 476 1122 506 arte
1152 470 1337 518 quadam,

212 537 293 575 sive
328 537 398 576 Dei
433 536 690 584 providentia)
726 548 809 574 cum
842 537 915 574 alio
955 537 1255 587 relinqueretur,
1281 538 1337 578 fa-

218 607 287 645 cile
325 607 416 644 huic
446 607 629 655 persuasit
662 615 703 644 ut
741 606 921 645 Romanis
957 607 1066 646 ambo
1100 620 1183 647 sese
1217 608 1336 647 trade-

216 687 299 716 rent
325 677 411 727 (1).

260 748 359 786 Cum
385 746 576 796 Josephus
610 748 654 785 ad
684 747 952 795 Vespasianum
985 749 1214 796 duceretur,
1253 758 1336 786 om-

212 828 277 856 nes
309 817 470 855 Romani
495 819 540 855 ad
562 828 643 855 eum
669 817 865 854 videndum
896 817 1159 864 confluebant,
1185 818 1335 855 ducem-

210 899 284 936 que
311 887 583 925 admirabantur
607 898 716 934 quem
748 895 851 924 tanto
887 886 1013 923 labore
1046 886 1224 924 vicerant.
1262 885 1333 924 Ti-

210 967 271 995 tus
297 968 464 1005 magnam
490 955 720 994 clementiam
750 955 1113 1002 benivolentiamque
1137 965 1222 1003 erga
1246 967 1332 993 eum

208 1025 399 1072 ostendit3
426 1025 491 1062 sed
515 1023 766 1071 Vespasianus
794 1023 982 1072 praecepit
1016 1032 1057 1060 ut
1087 1034 1217 1072 magna
1241 1035 1328 1062 cum

206 1092 381 1131 cautione
409 1092 663 1130 custodiretur
693 1101 729 1129 et
764 1103 847 1130 eum
882 1092 928 1130 ad
966 1092 1156 1130 Neronem
1195 1092 1330 1130 ducere

207 1162 383 1202 decrevit.
434 1162 626 1211 Josephus
661 1169 782 1198 autem
819 1160 925 1198 valde
963 1160 1093 1198 timens
1133 1161 1332 1210 imperato·

210 1234 259 1271 ris
295 1232 576 1278 crudelitatem,
607 1230 737 1268 iterum
770 1241 840 1268 suo
872 1230 1010 1279 ingenii
1037 1229 1205 1268 acumine
1235 1242 1328 1269 usus

210 1311 281 1342 est.
336 1301 569 1351 Significavit
606 1311 649 1338 se
686 1312 769 1338 cum
806 1300 1037 1347 Vespasiano
1079 1301 1162 1337 solo
1197 1300 1326 1348 paucis

208 1373 376 1420 colloqui
408 1372 527 1418 velle3
583 1369 756 1408 omnibus
799 1378 943 1417 praeter
984 1368 1116 1407 Titum
1152 1378 1188 1408 et
1229 1371 1325 1408 duos

208 1443 346 1481 amicos
376 1441 552 1487 remotis,
610 1438 829 1477 declaravit:
888 1449 929 1476 se
973 1449 1050 1476 non
1086 1440 1212 1477 venire
1246 1447 1327 1478 tan-

209 1523 319 1561 quam
351 1512 494 1549 hostem
531 1509 817 1554 Romanorum,
871 1509 937 1545 sed
979 1510 1115 1547 laetum
1149 1509 1324 1547 nuntium

207 1581 466 1631 Vespasiano,
504 1580 623 1618 Deum
665 1578 760 1616 enim
795 1589 835 1616 se
877 1578 1020 1616 misisse
1059 1587 1102 1616 ut
1135 1578 1324 1617 nuntiaret

205 1650 474 1699 Vespasianum
518 1647 599 1686 fore
643 1647 901 1695 imperatorem
950 1658 1034 1684 cum
1086 1646 1180 1685 Tito
1225 1646 1322 1686 filio,

207 1722 306 1760 Cum
341 1719 425 1757 talia
469 1718 623 1755 dixisset
659 1716 783 1755 statim
828 1716 976 1763 quidem
1021 1716 1054 1754 ei
1097 1715 1204 1755 fidem
1243 1727 1322 1755 non

206 1789 391 1828 tribuebat
425 1789 500 1826 dux
537 1787 729 1825 Romanus
765 1786 940 1834 paulatim
975 1797 1062 1824 vero
1094 1787 1138 1824 ad
1171 1787 1204 1824 ei
1241 1797 1324 1825 cre·

206 1861 365 1898 dendum
402 1857 644 1896 inducebatur
683 1867 842 1904 eumque
875 1856 1020 1894 tandem
1046 1857 1144 1905 apud
1171 1868 1212 1894 se
1243 1868 1320 1895 ma-

206 1941 293 1969 nere
327 1929 468 1978 jussit,
495 1935 559 1974 et,
588 1926 757 1974 quamvis
797 1927 829 1963 ei
868 1937 990 1975 neque
1025 1926 1231 1965 custodiam
1255 1938 1321 1965 ne-

208 2011 281 2047 que
313 1998 460 2036 vincula
496 1995 722 2042 remitteret,
775 1996 1004 2036 vestimentis
1046 2008 1128 2035 eum
1164 1997 1319 2035 donavit

206 2079 243 2108 et
282 2067 575 2106 benevolentiam
605 2065 637 2103 ei
664 2066 826 2104 ostendit
853 2065 937 2116 (2).

1224 2137 1318 2175 Pau·

246 2241 295 2279 (ι)
319 2240 370 2270 Cf.
390 2241 467 2268 Bell.
489 2239 563 2277 Jud.
581 2239 634 2267 111.
659 2241 686 2268 8.
711 2239 739 2273 §.
761 2247 846 2274 4-7-

246 2294 298 2330 ῳ)
318 2292 367 2321 cf.
389 2292 466 2320 neu.
487 2290 556 2327 Jud.
579 2289 629 2319 111.
656 2293 684 2318 a.
708 2285 737 2326 §.
762 2291 799 2323 a,
820 2298 851 2325 9.
