1544 2693
226 121 258 162 8
444 117 624 164 HERM.
656 117 780 163 JOH.
813 118 1130 165 ROYAARDS

235 252 364 298 citare
401 252 534 309 vires3
564 252 667 297 haec
706 267 828 297 causa
865 267 1029 298 omnem
1065 255 1343 312 agitarelEu-

237 352 404 398 ropam.
480 338 529 382 In
567 337 765 400 opposito
799 336 950 382 ardore
986 337 1270 383 Catholicismi
1305 346 1346 384 et

239 420 572 467 Protestantismi
608 427 749 478 gentes
789 435 911 464 sacro
955 421 1141 467 imbuere
1182 423 1346 476 animo,

241 512 287 550 ut
327 503 509 549 unanimi
547 517 751 548 consensu
797 518 878 562 pro
915 505 997 549 aris
1035 514 1268 564 pugnarent
1308 514 1353 551 et-

244 587 361 632 socis.
397 588 443 628 (3)

299 670 412 728 Quid
440 670 590 714 mirum
618 670 764 728 igitur,
789 670 832 714 in
861 679 977 717 tanto
1009 673 1239 717 animorum
1265 674 1354 717 fer-

247 767 371 807 vore,
401 768 478 812 per
503 753 737 799 universam
768 755 896 800 ferme
924 757 1164 816 Europam,
1197 757 1353 801 semina

247 837 482 882 discordiae
522 833 626 882 laete
670 839 924 884 succrevisse
972 840 1132 884 ubivis!
1197 840 1356 884 Cerne-

247 921 403 966 bantur
432 920 500 964 hic
533 921 613 964 illic
651 921 843 979 igniculi,
879 922 951 979 qui
978 923 1145 979 quidem
1173 923 1359 968 suscitati

248 1004 292 1048 in
328 1005 535 1048 flammam
567 1013 847 1064 erumperent.
895 1005 991 1049 Jam
1025 1006 1115 1051 lites
1142 1007 1360 1051 intestinae

253 1087 432 1146 agitatae
462 1102 538 1146 per
573 1087 776 1141 Galliam,
817 1089 1034 1147 Angliam‚
1067 1090 1359 1144 Germaniam,

252 1178 295 1216 et
334 1170 554 1216 vehemens
598 1170 829 1215 animorum
862 1171 1054 1218 irritatio.
1127 1173 1264 1216 Testis
1309 1172 1362 1216 sit

256 1254 536 1299 infelicissima
594 1254 730 1299 Maria
781 1255 925 1312 Graija
949 1287 962 1308 ,
1008 1263 1047 1299 et
1088 1257 1236 1300 caedes
1283 1256 1363 1300 ista

259 1336 448 1383 Parisina
482 1337 796 1382 Bartholomei!
857 1339 1024 1383 Exarsit
1066 1355 1163 1384 mox
1208 1341 1361 1385 bellum

259 1420 511 1473 tricennale,
545 1436 567 1465 e
605 1421 729 1465 variis
771 1422 910 1465 litibus
947 1423 998 1466 de
1029 1423 1224 1481 religione
1264 1438 1368 1468 ena-

261 1513 370 1557 tum,
408 1503 540 1548 ubivis
571 1504 786 1562 Europam
816 1504 1065 1557 incendens,
1103 1505 1263 1551 Suecos
1292 1522 1367 1551 ae-

264 1604 344 1646 que
360 1603 409 1632 ae
425 1587 634 1632 Bohemos
651 1619 662 1640 ,
690 1588 945 1641 Germanos,
968 1588 1201 1647 Hispanos,
1228 1591 1263 1634 F
1265 1604 1368 1634 ran-

265 1687 338 1718 cos
371 1672 544 1729 agitans.
632 1671 715 1715 Diu
757 1686 920 1730 pugnas
970 1680 1096 1730 agunt
1144 1674 1367 1733 Europaei.

265 1757 456 1803 Tandem
485 1755 574 1800 lites
603 1755 871 1815 compositae.
932 1756 999 1800 Ad
1024 1771 1170 1815 pacem
1197 1765 1236 1801 et
1263 1772 1371 1802 cou-

268 1842 455 1888 cordiam
490 1840 676 1884 redeunt.
750 1839 960 1884 Libertate
993 1840 1186 1897 gaudent.
1261 1843 1372 1887 Pace

269 1923 566 1984 Guestphalica
598 1931 639 1967 ut
669 1922 886 1976 Politices,
921 1924 977 1967 ita
1013 1925 1242 1983 Religionis
1269 1940 1370 1971 cau-

271 2025 340 2064 sa,
370 2006 645 2053 constituitur.

327 2179 374 2225 ln
410 2177 554 2222 mediis
582 2175 694 2222 hisce
724 2176 866 2220 litibus
896 2175 1124 2232 eodemque
1164 2174 1246 2220 hoc
1282 2177 1376 2225 ani..
