1544 2693
377 149 974 198 THEoLooch.
1184 170 1238 208 19⁴

111 267 253 313 verba,
280 279 352 305 non
381 266 493 312 sacri
523 265 657 305 codicis
676 265 793 316 effata
809 277 881 318 pro
896 266 1110 312 sermonum
1133 267 1229 320 fun*—

107 336 278 375 dumento
292 338 456 384 sumere.
510 337 651 375 Verum
673 336 890 375 iamdudum
915 337 962 375 ab
983 350 1021 375 eo
1041 351 1139 375 more
1163 338 1227 376 de·

99 405 287 455 fitefaetos
314 407 385 454 esſse
402 407 585 453 homines,
615 406 822 457 responsum
853 417 904 445 est
921 435 933 456 ,
961 420 1025 446 nec
1048 421 1129 446 eum
1160 409 1227 446 hoe

106 477 253 527 quidem
274 486 435 528 tempore
448 477 549 521 satis
572 479 752 515 commode
773 480 946 518 revocari
967 479 1078 529 posſse.
1132 478 1220 528 Quo

107 547 257 594 quidem
291 546 446 594 reponso
478 558 554 584 non
582 548 749 585 contenti
787 548 1088 587 Remonstrantes
1122 549 1224 587 Rhe-

106 616 384 654 no-Traiectini
399 645 412 663 ,
437 617 575 665 scripto
588 617 739 663 libello,
768 618 936 655 Sesfione
960 619 1044 656 XX.
1065 628 1222 657 conten·

99 676 268 740 debunt,
300 687 494 735 Synodum
515 697 715 737 perperam
736 687 881 725 decreto
897 687 1091 735 sanxisse,
1119 687 1226 727 haud

105 756 176 804 esse
200 757 470 803 necessarium,
499 765 541 794 ut
567 755 707 794 dietum
735 756 918 806 quoddam
939 757 1049 804 sacri
1086 757 1220 796 codicis

99 825 348 875 sermonibus,
379 827 509 878 quibus
536 827 714 865 elementa
738 828 930 877 religionis
951 828 1194 878 explicantur
1208 856 1228 876 7

94 897 343 944 fundamenti
366 897 442 935 loeo
459 897 736 946 substernatur.
791 897 1002 945 Respondit
1022 909 1111 936 vero
1126 898 1223 946 Syn-

109 967 172 1003 odi
218 967 362 1004 Praeses
379 994 392 1013 ,
440 970 577 1006 Patres
613 968 768 1009 noluisse
797 968 995 1015 sententiis
1025 968 1108 1015 suis
1143 981 1231 1007 σιω--

104 1036 340 1084 suetudinem
373 1050 452 1074 eam
478 1038 609 1075 tollere
634 1040 682 1075 iis
699 1042 739 1075 in
759 1038 872 1082 loeis,
901 1039 963 1076 ubi
987 1038 1055 1084 usu
1073 1046 1225 1088 recepta

106 1107 180 1157 stt,
208 1119 336 1146 verum
361 1108 583 1158 existimasfh
613 1117 764 1146 tantum
779 1136 791 1154 ‚
819 1121 891 1146 non
913 1108 1009 1156 esse,
1023 1121 1094 1146 eur
1114 1121 1157 1146 ea
1168 1108 1226 1146 ob·

111 1177 335 1216 truderetur
354 1179 442 1216 aliis
457 1207 469 1226 ,
497 1179 602 1229 apud
622 1192 710 1230 quos
734 1192 779 1217 ea
798 1179 937 1217 dudum
956 1180 1144 1228 abrogata
1158 1178 1220 1227 stt.

112 1249 213 1286 Haec
242 1257 277 1286 et
298 1248 392 1296 alia,
428 1249 474 1286 ab
504 1249 713 1287 Halesio
742 1258 885 1286 narrata
902 1277 915 1296 ,
942 1261 982 1296 p.
1007 1259 1226 1296 272—274.

113 1318 284 1356 nonnihil
312 1320 528 1357 conducunt
550 1320 595 1357 ad
628 1318 873 1357 illustrandam
894 1319 1039 1356 brevem
1063 1318 1228 1357 notatio-

112 1389 196 1425 n'em
225 1386 263 1423 in
291 1386 399 1425 Actis
432 1387 588 1435 Synodi.

165 1457 330 1495 Accesfit
353 1458 526 1505 deinceps
553 1469 652 1496 nova
674 1457 914 1496 catechismo
942 1456 1233 1504 Heidelbergen-

115 1527 143 1566 fi
176 1529 444 1566 commendatio
468 1540 512 1565 ex
538 1528 581 1565 iis
598 1556 611 1574 ,
641 1539 733 1575 quae
759 1528 798 1564 in
822 1527 965 1576 Synodi
988 1526 1232 1565 Sesfionibus

116 1597 312 1636 CXLVII.
339 1606 374 1634 et
399 1597 610 1636 CXLVIII.
635 1607 737 1648 gesta
759 1597 857 1635 sunt.
888 1598 1090 1644 Postquam
1113 1598 1232 1644 enim,

115 1666 333 1704 iubentibus
371 1667 575 1704 Ordinibus
615 1667 730 1715 Belgii
775 1666 1023 1704 Generalibus
1039 1695 1052 1713 ,
1102 1653 1235 1704 omhes

119 1737 346 1774 Catechismi
383 1737 619 1783 quaestiones
661 1738 814 1774 relectae
832 1765 843 1782 ,
898 1737 1092 1784 rogatique
1130 1745 1251 1774 erant*

119 1806 252 1854 finguli
287 1807 474 1854 Theologi
492 1835 505 1853 ,
548 1819 632 1844 cum
666 1807 781 1844 exteri
825 1817 903 1843 tum
943 1806 1100 1854 Belgae,
1140 1817 1230 1843 num

120 1877 211 1923 quid
241 1876 279 1913 in
302 1888 345 1913 eo
374 1877 466 1914 tradi
488 1876 761 1923 existimarent,
792 1879 892 1924 quod
920 1877 1036 1914 verbo
1059 1876 1126 1914 Dei
1157 1886 1236 1913 non

120 1945 320 1984 consistere
345 1947 557 1993 videretur,
589 1939 750 1984 unanimi
778 1958 941 1983 omnmm
969 1935 1145 1984 consensu
1172 1946 1235 1983 de-

119 2015 295 2052 claratum
327 2013 426 2061 fuit,
463 2016 703 2064 doctrinam,
732 2017 917 2065 Cateehefi
934 2017 1118 2054 Palatina
1142 2030 1236 2054 com·

120 2084 366 2134 prehensam,
404 2086 524 2124 Verbo
554 2087 630 2125 Dei
653 2099 696 2124 in
727 2088 891 2125 omnibus
921 2088 992 2133 esse
1015 2088 1238 2132 consentien-

122 2162 220 2202 tem,
250 2168 365 2205 neque
388 2157 434 2194 eci
459 2157 663 2208 quidquam
688 2160 873 2196 contineri
889 2189 897 2196 .
928 2157 1029 2208 quod
1052 2166 1093 2195 ut
1118 2170 1240 2195 minus

122 2223 236 2262 eidem
256 2226 536 2272 consentaneum
556 2231 702 2267 mutari
722 2238 789 2267 aut
811 2231 955 2277 corrtgi
987 2228 1116 2266 debere
1141 2227 1243 2267 vide=

642 2298 671 2335 B
700 2312 721 2337 2
1183 2308 1243 2335 re}-
