1544 2693
483 144 927 217 ·0RAT10.
1232 173 1292 220 59

175 309 270 354 tuae
324 303 492 356 matris,
553 304 766 350 Leidensis
802 307 1083 362 Academiae,
1142 309 1287 355 laudes

173 386 353 431 sustine!

229 527 375 586 Neque
402 529 501 573 Tibi
525 530 662 583 dee'st,
694 531 970 577 Ornatissime
994 534 1188 591 Pabst,
1217 537 1288 581 in-

175 612 359 658 dustriae
415 615 707 659 documentum
729 648 741 670 ,
784 617 1149 664 membranaceum
1192 607 1291 679 qui-2

176 683 294 754 dem,
335 705 378 741 at
411 698 551 755 magni
587 706 724 743 tamen
757 698 998 744 habendum
1010 719 1022 758 3
1065 703 1210 763 accipe
1235 705 1291 747 il-

173 780 246 824 lud
271 781 467 825 Virorum
496 782 731 827 Doctorum
763 784 945 829 nomine.
1005 785 1123 830 Juris
1151 787 1289 844 locum

175 863 409 923 explicuisti
433 879 527 909 cum
565 866 701 911 ethica
728 868 962 913 arctissime
991 856 1289 928 conjunctum,

174 947 328 1005 quique
354 948 472 993 mixti
495 956 557 993 est
588 950 683 994 fori.
743 950 839 995 Jam
867 967 995 1012 perge
1019 968 1166 1000 sensus
1191 944 1289 1012 justi

175 1039 217 1076 et
253 1032 376 1089 aequi
411 1040 452 1077 et
487 1033 751 1092 obligationis
791 1036 964 1081 moralis
1003 1037 1061 1082 ita
1100 1038 1183 1083 vita
1219 1029 1291 1084 tua

176 1116 435 1175 exprimere,
486 1125 532 1161 ut
572 1118 685 1163 Juris
730 1117 975 1180 discipli'nae
1014 1121 1068 1165 ad
1109 1122 1290 1167 animum

175 1200 404 1259 regundum
437 1216 600 1245 summa
631 1202 685 1246 sit
715 1203 799 1247 vis!

313 1446 555 1490 JUDICIUM
590 1446 799 1491 Onmms
832 1447 1149 1495 MEDICORUM.

214 1573 354 1618 -Ordo
390 1573 651 1617 Medicorum
680 1574 735 1617 ad
761 1575 1089 1632 Quaestionem,
1119 1579 1165 1622 in
1192 1594 1290 1625 cer-

174 1656 326 1700 tamine
355 1656 541 1701 literario
583 1657 799 1715 superiore
841 1673 953 1703 anno
991 1662 1287 1721 propositam:

175 1742 300 1792 Quid
339 1743 694 1796 disputaverunt
735 1747 909 1785 veteres
938 1752 984 1786 et
1013 1749 1290 1791 recentiores

171 1825 540 1868 obstetricacores
555 1828 609 1867 de
622 1828 839 1880 placenta
854 1857 867 1878 ,
893 1829 942 1868 in
971 1837 1103 1872 utero
1131 1832 1290 1874 incar-

174 1915 355 1959 cerata,
385 1910 581 1964 ejusque*
602 1911 781 1965 origine
807 1918 851 1952 et
878 1915 1085 1955 caussis?
1133 1916 1289 1966 Quae·-

173 2007 278 2035 nam
309 1999 376 2033 est
402 1995 502 2048 ejzcs
528 2009 638 2035 vera
663 1995 948 2050 Diagnosis?
1028 1998 1156 2048 Quae
1180 2007 1287 2043 tan..

172 2080 274 2120 dem
310 2078 486 2132 optima
520 2080 717 2121 curandi
752 2081 906 2121 ratio?
966 2095 1091 2125 unam
1125 2085 1288 2144 accepit

171 2159 486 2219 responsionem
541 2159 756 2206 Ciceronis
815 2163 954 2208 vei-,his
1009 2165 1255 2227 inscriptam
1273 2201 1286 2223 ‚

178 2245 452 2300 opinionum
482 2254 731 2289 commenta
761 2250 881 2290 delet
912 2251 1036 2302 die-⁸,
1071 2258 1167 2296 cett.
