1487 2703
379 201 900 245 LITE'RARIA.
1146 217 1206 256 37,

71 330 186 359 ‹crans
212 326 254 357 ut
274 315 312 354 in
337 317 487 354 domum
523 323 709 363 paternam
747 314 906 362 rediret,
934 325 975 351 se
1008 314 1104 352 enim
1131 315 1196 353 de-

73 389 214 429 siderio
241 387 357 425 teneri
395 386 506 425 semel
539 386 658 423 adhuc
698 384 847 422 videndi
883 384 948 421 filii
975 384 1058 433 (1).
1085 389 1099 408 ³1

131 458 249 497 Hisce
284 456 460 505 precibus
487 454 648 504 paternis
687 455 809 492 statim
843 453 1088 492 obediendum
1118 465 1198 492 esse

80 527 228 577 putavit
263 527 347 575 pius
382 526 514 573 filius,
567 536 673 573 aegre
712 524 835 562 ferens
882 524 1017 562 civium
1064 525 1197 572 ingrati

80 598 193 635 animi
231 596 554 644 testificationem3
605 594 716 633 amici
758 602 877 632 autern
912 604 947 632 et
981 595 1115 633 milites
1151 596 1202 632 la-

80 675 289 715 crymantes
326 678 410 705 eum
457 665 742 705 obtestabantur
783 675 829 701 ne
872 674 939 701 eos
986 664 1198 711 desereret;

80 736 156 774 imo
200 737 367 785 undique
404 748 451 775 ex
486 735 649 774 Galilaea
699 734 926 771 advenerunt
971 732 1079 770 multi
1117 744 1199 770 cum

81 807 263 844 uxoribus
298 816 334 844 et
356 806 488 844 liber-is
513 811 705 852 precantes
739 812 782 840 ut
815 810 989 839 maneret.
1052 802 1203 852 Quibus

80 876 255 925 precibus
282 876 471 925 Josephu·s
510 885 552 911 se
588 874 685 911 flecti
723 874 768 910 ad
800 870 1086 910 misericordiam
1118 883 1202 919 pas-

83 957 149 984 sus
182 954 240 983 est
275 954 311 983 et
343 945 442 994 apud
473 943 660 982 Galilaeos
694 942 857 989 mansit3
886 942 1124 988 collectoque
1159 952 1202 977 ex

83 1014 130 1053 iis
167 1014 329 1053 exercitu
368 1014 534 1062 quinque
572 1011 727 1050 millium
766 1011 988 1057 hominum,
1028 1021 1112 1047 cum
1135 1009 1206 1047 in·

84 1096 197 1133 super
226 1084 298 1122 tria
333 1083 447 1121 millia
492 1082 651 1121 militum
690 1081 724 1119 ei
758 1089 881 1118 essent
928 1089 964 1118 et
1013 1079 1206 1128 octoginta

84 1154 255 1202 equites,
283 1152 475 1202 profectus
514 1161 570 1190 est
606 1151 651 1188 ad
682 1150 801 1188 vicem
832 1150 1006 1189 Chabolo
1043 1148 1081 1186 in
1116 1160 1204 1186 con·

86 1224 188 1263 finiis
228 1222 492 1268 Ptolemaidis,
536 1221 713 1258 simulans
750 1219 823 1257 sibi
858 1220 995 1256 bellum
1034 1229 1115 1255 esse
1145 1229 1209 1266 ge·

85 1293 236 1331 rendum
261 1300 390 1328 contra
423 1289 635 1333 Placidum,
665 1288 731 1334 qui
763 1288 899 1324 missus
927 1294 1001 1324 erat
1027 1299 1047 1324 a
1071 1287 1202 1324 Cestio

87 1361 199 1399 Gallo
235 1369 276 1398 ut
309 1359 517 1397 incenderet
545 1357 796 1395 Galilaeorum
827 1356 932 1394 vicos
959 1356 1042 1404 (a).

138 1432 226 1470 Sine
257 1430 372 1469 dubio
411 1428 622 1467 difficillima
657 1436 746 1465 tunc
785 1436 862 1464 erat
899 1425 1066 1463 conditio
1098 1426 1205 1475 Jose-

89 1503 178 1550 phi,
206 1512 364 1547 namque
400 1499 468 1536 etsi
493 1500 566 1547 jam
604 1499 743 1535 multos
771 1497 919 1534 haberet
951 1497 1119 1534 inimicos
1152 1496 1209 1534 in-

90 1583 147 1611 ter
184 1572 325 1608 incolas
353 1569 560 1614 Galilaeae⁷
590 1577 625 1605 et
659 1567 819 1604 Romani
853 1578 937 1604 cum
965 1577 1051 1614 rege
1073 1566 1209 1614 Agrip-

91 1654 138 1690 pa
173 1642 253 1690 ejus
286 1648 409 1677 essent
440 1640 571 1676 hostes
602 1639 645 1675 ad
672 1637 987 1682 internecionem,
1016 1637 1209 1674 accedebat

92 1712 212 1761 ipsius
241 1711 551 1758 Hierosolymam,
594 1707 732 1755 patriae
768 1717 855 1754 ergo
888 1717 1009 1752 suae,
1048 1706 1204 1752 odium3

93 1783 230 1820 missus
264 1781 357 1818 enim
392 1790 467 1817 erat
495 1778 674 1830 Jonathas
712 1789 796 1814 cum
830 1776 910 1814 suis
943 1776 1003 1812 cui
1034 1775 1207 1812 commis-

93 1864 176 1898 sum
219 1860 262 1890 ut
295 1849 431 1899 quovis
464 1849 575 1887 modo
606 1859 690 1886 eum
721 1847 903 1895 perderet.
972 1844 1022 1883 Hi
1060 1853 1207 1891 autem,

94 1934 193 1971 quos
222 1919 471 1960 comitabatur
492 1929 621 1958 manus
643 1925 903 1955 sexcentorum
927 1914 1084 1952 militum
1100 1942 1112 1961 ‚
1141 1914 1209 1951 du-
1236 1904 1238 1906 V

94 2003 136 2030 ee
168 1993 260 2043 Jesu
296 1991 480 2039 quodam,
528 1997 563 2027 et
599 1988 862 2025 nonnullorum
904 1985 1057 2022 aliorum
1098 1996 1211 2022 arma·

1149 2064 1206 2092 to-

106 2161 108 2166 *
134 2171 187 2208 (ι)
207 2172 266 2201 eff.
295 2173 332 2200 de
359 2180 443 2207 patre
465 2170 613 2209 josephi,
641 2178 716 2206 quae
744 2170 875 2199 diximus
902 2172 936 2200 c.
967 2171 989 2199 1.
1018 2171 1045 2206 ς.
1065 2178 1087 2198 1.
1120 2176 1150 2197 et
1179 2177 1212 2197 ea

99 2236 176 2264 quae
202 2228 328 2257 dicenda
351 2236 438 2257 erunt
459 2228 538 2257 infra
554 2229 590 2256 c.
611 2228 655 2257 11.
679 2229 708 2264 ς.
729 2238 757 2257 2.

135 2283 190 2323 (α)
210 2285 262 2321 Cf,
281 2286 348 2322 Jos.
371 2285 402 2313 in
422 2285 480 2314 vit.
503 2286 529 2322 ς.
549 2293 675 2322 41-44.
