1544 2693
252 153 295 185 76
606 149 998 184 ANNOTATA

247 287 329 322 qen,
358 275 461 309 obvia
482 275 519 308 in
533 288 539 309 ε
574 275 744 321 Τῇοῑεοήν.
760 285 841 308 voor
854 274 974 308 Mum-
989 286 1034 307 en
1049 273 1350 321 Penninqkunde‚

245 337 333 371 door
356 336 392 370 P.
407 336 444 370 O.
467 348 499 370 ν.
515 335 548 370 d.
566 336 657 381 Chij
669 348 696 370 s.
723 335 826 380 Leyd.
842 335 944 370 1833.
971 336 998 369 I.
1025 335 1069 370 bl.
1090 335 1215 370 21-63.

290 443 370 492 (214)
395 443 445 478 Cf.
472 443 504 477 M
515 455 534 476 e
545 454 564 476 e
574 455 592 476 r
602 455 637 477 m
648 455 668 478 a
678 455 702 477 n
715 469 723 484 ‚
761 442 993 489 Verqelykinq
1019 444 1080 477 der
1108 443 1356 479 Gemeenebes-

243 511 302 539 ten
326 505 408 538 door
432 504 470 538 H
474 516 499 537 u
510 516 530 550 9
542 516 560 537 ο
584 504 630 536 de
659 504 691 548 G
703 509 819 545 root,
860 503 1085 549 uityeyeven,
1113 515 1160 536 en
1184 515 1357 538 vermem·-

242 566 329 600 derd
354 571 423 599 met
446 564 552 598 Acmt.
580 565 628 599 II.
656 564 723 599 194
737 576 814 611 sqq.

288 673 367 721 (25)
403 673 628 718 Quantopere
664 673 797 718 pietate
848 671 1104 706 inducerentur
1149 671 1273 717 proavi
1320 671 1360 704 in

242 733 424 769 condenda
448 733 634 768 Academia
665 732 733 768 hac
767 738 888 768 nostra
922 732 1062 768 abunde
1095 730 1218 767 docuit
1251 731 1358 767 Arn.

242 795 590 830 Drakenborch
623 793 741 842 (Orat.
761 804 933 840 panegyyr.
959 794 1000 826 in
1026 793 1179 827 natalem
1201 792 1357 827 saecula—

244 868 317 890 rem
348 856 454 890 Acad.
488 854 750 902 Trajectiuae),
815 855 878 900 qui
916 859 1103 900 postquam
1140 853 1359 889 indicaverat

243 917 399 951 studium
421 916 632 950 reformatae
656 915 839 949 doctrinae
874 915 1027 950 tuendae
1056 916 1132 961 jam
1162 921 1267 950 antea
1296 914 1359 949 de-

243 976 411 1010 siderium
449 976 617 1010 excitasse
658 975 720 1009 hic
760 974 982 1010 Academiam
1028 974 1258 1017 instituendi,
1310 975 1362 1010 ita

244 1036 382 1083 pergit:
435 1053 447 1067 n
481 1035 553 1069 Deo
578 1036 723 1081 insuper
748 1035 853 1069 armis
878 1035 1038 1077 favente,
1081 1035 1200 1070 hostes
1231 1047 1252 1070 a
1283 1034 1358 1070 foe·

245 1115 258 1129 »
291 1097 405 1130 derati
436 1097 549 1141 Belgii
588 1097 717 1130 finibus
737 1096 896 1143 'longius
934 1097 1106 1139 submoti,
1140 1108 1180 1132 ae
1215 1095 1359 1132 validis—

246 1176 259 1190 »
293 1158 460 1192 simarum
485 1157 630 1190 Urbium
655 1157 830 1197 Vesaliae,
875 1156 1119 1201 Sylvae-ducis
1145 1162 1181 1190 et
1206 1157 1361 1202 Trajecti

246 1237 259 1251 ι
293 1218 337 1252 ad
351 1218 477 1252 Mosam
502 1217 777 1263 expugnatione,
809 1217 954 1251 termini
976 1217 1194 1262 reipublicae
1219 1217 1362 1263 egregie

246 1297 260 1313 ι
293 1279 422 1313 muniti
449 1283 564 1313 sunt.r
594 1279 726 1322 Quibus
758 1278 870 1312 divini
900 1278 1056 1312 numinis
1090 1278 1271 1314 benefieiis
1308 1279 1363 1313 sni

246 1358 260 1373 ι,
293 1339 537 1385 sociorumque
573 1339 756 1384 majestate
794 1339 931 1373 firmata
965 1345 1002 1373 et
1036 1345 1159 1382 aucta,
1199 1351 1364 1386 proceres

248 1418 261 1433 κ
296 1401 392 1435 urbis
419 1400 573 1445 Trajecti
609 1411 645 1433 se
680 1400 787 1433 animi
814 1411 898 1445 erga
922 1400 1034 1434 Deum
1059 1400 1192 1446 ingrati
1226 1401 1362 1436 crimen

247 1480 260 1495 ι
294 1462 449 1506 effugere
486 1472 559 1495 non
593 1471 693 1505 posse
728 1460 994 1503 existimarunt,
1053 1461 1122 1495 nisi
1159 1461 1204 1495 ad
1241 1472 1360 1496 exem-

248 1541 261 1556 »
294 1523 395 1569 plum
420 1521 645 1567 popularium
677 1521 744 1566 ipsi
782 1532 926 1566 quoque
960 1526 1097 1566 partem
1131 1522 1258 1557 aerarii
1293 1522 1360 1556 im-

248 1601 262 1616 ·
294 1582 491 1629 penderent
529 1581 566 1614 in
604 1580 861 1615 dedicationem
900 1581 1043 1627 templi,
1097 1582 1135 1616 in
1174 1594 1245 1628 quo
1283 1594 1364 1616 curn

249 1662 264 1677 ι
296 1643 444 1688 reliquis
481 1642 616 1676 artibus
654 1641 859 1676 liberalibus
897 1642 1148 1677 sacratissimae
1182 1642 1364 1688 religionis

250 1723 264 1738 a
297 1710 437 1739 nostrae
461 1703 659 1737 doctrinam
679 1703 849 1748 juventus
874 1694 1122 1737 addisceret.n>
1159 1715 1193 1749 p.
1210 1703 1267 1738 28.

299 1799 377 1848 (26)
402 1798 669 1839 G.Voetius,
704 1798 825 1832 Oratio
846 1799 1011 1844 inaugura
1053 1799 1093 1832 de
1120 1798 1252 1845 pietate
1285 1811 1365 1833 cum

251 1862 400 1898 scientia
424 1861 690 1907 conjunqenda,
718 1860 839 1894 habita
867 1861 909 1893 12
923 1861 994 1894 kal.
1020 1860 1114 1906 Sept.
1145 1861 1246 1895 163-74.
1285 1873 1366 1896 cum

254 1934 382 1957 munus
397 1921 639 1966 auspicaretur
658 1920 803 1954 Profess.
826 1920 947 1954 Theol.
963 1926 1000 1954 et
1013 1921 1116 1955 Hebr.
1138 1922 1293 1967 linguae.
1319 1943 1367 1949 —

255 1983 364 2018 Obvia
386 1987 438 2016 est
456 1982 575 2015 Oratio
600 1981 638 2014 in
661 1981 752 2016 libro
769 1995 774 2014 :
805 1981 959 2015 Illastris
977 1982 1166 2027 Gymnasii
1184 1983 1364 2030 Ultraject.

255 2043 483 2089 inauguratio
503 2054 579 2075 una
603 2054 682 2075 cum
709 2042 933 2076 Orationibus
958 2042 1238 2090 inauquralibus.
1276 2044 1366 2079 Ultr.

218 2100 221 2103 ’
261 2104 364 2138 16314.
449 2102 663 2143 Celebravit‚
705 2102 846 2137 condita
883 2103 1001 2138 schola
1038 2104 1256 2149 TraJectina‚
1299 2105 1369 2139 Ni-

261 2163 453 2211 portius
477 2162 569 2209 (Jct.
598 2162 739 2196 Civitati
765 2163 947 2208 Ultraject.
972 2175 993 2198 a
1017 2164 1179 2206 Secretis,
1210 2165 1247 2199 in
1279 2165 1368 2199 Ora-

261 2226 355 2260 tione
394 2224 433 2269 in
468 2223 599 2256 illustri
637 2223 823 2268 Gymnasii
862 2224 986 2270 Ultraj.
1025 2226 1367 2273 inanywrationem),
