1487 2703
0 2315 5 2506 l

2 2510 9 2703 ἱ

388 266 894 311 LITERARIA.
1158 273 1203 310 81

90 383 152 414 tur
184 376 229 413 ad
253 374 326 414 sibi
355 376 454 414 vitae
489 378 681 415 commoda
715 378 911 425 dulciaque
936 380 1201 427 comparanda,

87 446 151 484 sed
183 447 248 494 qui
274 458 411 495 pueros
443 447 694 496 negligerent,
724 447 843 495 iisque
869 448 1074 495 exemplum
1097 460 1201 496 prae-

85 515 216 553 berent
260 518 493 564 pessimum:
547 527 636 554 num
675 515 864 564 Josephus
903 526 981 555 tum
1023 529 1196 565 umquam

85 594 157 623 tam
194 586 336 634 probus
380 595 528 633 tamque
570 597 772 633 generosus
821 587 1022 634 evasisset,
1077 587 1196 635 qualis

81 655 182 703 fuit,
211 656 352 694 etiarnsi
382 655 526 695 eximiis
558 656 669 693 animi
695 656 848 695 dotibus
873 656 1104 703 instructus,
1133 669 1196 706 ge-

81 736 245 773 nereque
269 734 377 764 natus
411 734 507 764 esset
543 724 777 763 fortunarum
813 726 1009 773 splendore
1045 727 1195 774 conspi-

79 795 187 833 cuo?
213 795 309 833 Nam
335 805 449 842 pauca
480 794 592 831 modo
619 802 764 832 exstant
792 795 957 841 exempla
974 794 1191 842 hominum,

81 865 172 912 qui,
213 864 250 901 in
277 866 476 914 juventute
500 863 698 911 neglecti,
737 872 867 911 postea
901 871 1021 901 tamen
1056 863 1193 912 egregii
1236 847 1243 873 ξ

77 933 256 982 dignique
286 935 391 981 laude
424 932 510 971 facti
544 943 647 972 sunt.
674 957 727 964 —
747 934 936 984 Josephus
971 946 1058 982 ergo
1093 937 1193 982 opti-

77 1015 139 1042 mo
171 1011 280 1042 natus
317 1013 373 1041 est
404 1004 518 1050 loco,
571 1003 631 1041 ita*
660 1012 702 1040 ut
738 1013 836 1041 recte
873 1013 1002 1052 posset
1045 1004 1192 1042 institui

76 1082 114 1111 et
152 1073 407 1112 educationem
445 1073 608 1120 accipere
645 1073 818 1111 omnibus
843 1073 1006 1111 numeris
1040 1073 1191 1112 absolu-

73 1152 178 1191 tam,
226 1143 361 1191 quibus
402 1144 576 1181 omnibus
621 1144 764 1182 tandem
801 1143 833 1180 is
872 1152 1052 1190 exstaret,
1094 1143 1190 1191 qui,

74 1214 202 1252 multis
228 1214 338 1252 animi
361 1213 573 1263 mentisque
596 1213 749 1252 dotibus
782 1213 968 1262 praeditus
986 1241 998 1260 ,
1025 1212 1191 1260 aliquan·

71 1283 121 1321 do
164 1283 304 1331 patriae
345 1272 566 1328 historiam,
619 1284 688 1321 rite
737 1284 942 1332 pulcreque
980 1292 1188 1330 narratam,

70 1353 262 1402 posteris,
290 1352 366 1395 imo
396 1353 468 1392 toti
503 1353 587 1392 orbi
612 1361 789 1392 terrarum
825 1352 1060 1400 relinqueret.

563 1528 599 1576 §.
659 1538 695 1576 3·

369 1689 430 1727 Dc
461 1688 617 1738 Josepln·
652 1687 878 1726 educatione.

116 1854 319 1901 Postquam
348 1852 612 1900 explicavimus
636 1852 871 1902 josephum,
901 1853 1078 1901 temporis
1106 1865 1182 1901 quo

64 1924 159 1963 vixit
191 1923 332 1961 ratione
366 1922 518 1970 habita,
557 1922 659 1961 felici
690 1921 933 1969 conditione,
973 1921 1184 1971 faustisque

63 1993 253 2032 ominibus
287 2002 413 2031 natum
449 2004 550 2039 esse,
592 1992 852 2040 inquirendum
885 1991 1040 2030 ulterius
1080 1993 1209 2031 vide-·

62 2072 126 2102 tur
153 2063 342 2112 quomodo
383 2073 474 2100 usus
511 2062 560 2099 sit
599 2061 945 2110 opportunitatibus
993 2073 1084 2109 quas
1119 2063 1183 2100 ha·

63 2133 202 2182 bebat,
251 2134 310 2171 vel
348 2133 477 2181 potius
522 2133 712 2179 quomodo
746 2133 920 2170 educatus
959 2131 1024 2169 sit,
1079 2131 1182 2182 Quid

65 2204 162 2242 enim
199 2203 372 2252 maj0rem
408 2202 517 2240 habet
553 2203 626 2240 vim
665 2203 703 2240 in
742 2213 885 2240 omnem
928 2201 1089 2239 hominis
1125 2201 1183 2239 in-

65 2273 351 2322 formationem,
403 2273 494 2322 quid
542 2272 656 2321 magis
702 2281 823 2310 totum
866 2272 944 2319 ejus
991 2271 1178 2318 animum,

66 2351 223 2382 mentem
259 2344 349 2382 adeo
395 2352 433 2381 et
476 2343 635 2382 indolem
682 2342 796 2392 magis
843 2341 999 2380 adficere
1044 2341 1179 2388 debet,

119 2425 241 2452 Honv.
609 2412 639 2450 F
1092 2410 1180 2459 qnid
