1544 2693
303 199 350 242 84
525 192 1174 233 COMMENTATIO

299 315 375 353 non
403 304 511 341 horas
529 330 541 346 ‚
571 303 629 339 sed
650 302 725 339 dies
756 300 1000 347 consumunt,
1029 302 1065 338 in
1087 311 1248 349 utroque
1268 303 1325 339 vel
1349 302 1401 338 al-

296 380 438 411 terutro
467 371 690 418 quaerendo.
743 371 823 408 Hae
853 381 959 407 curae
996 371 1110 418 duplo
1136 371 1257 408 forent
1285 371 1399 407 mai-o·

294 453 379 487 res,
408 441 432 479 fi
465 441 617 479 duarum
651 439 911 486 homiliarum,
951 440 1101 488 singulis
1124 440 1252 477 diebus
1279 439 1395 476 domi-

290 511 382 547 nicis
422 510 668 548 habendarum
695 538 707 556 ‚
757 509 964 556 quaerenda
1010 508 1128 545 essent
1166 516 1393 556 argumenta.

289 581 401 618 Nunc
448 580 558 618 unius
591 579 776 617 materiam
813 577 1022 626 suppeditat
1060 577 1236 623 libellus,
1287 577 1394 614 cuius

283 650 447 687 ordinem
480 649 687 686 I-Iomiletas
710 647 811 695 sequi
839 656 988 695 oportet
1014 647 1051 684 in
1076 647 1243 684 doctrina
1284 646 1394 685 Chri·

284 718 394 757 stiana
420 719 669 766 exponenda:
689 728 804 764 eaque
831 717 977 754 materia
1001 727 1266 764 nonnunquam
1284 742 1287 746 f
1304 717 1392 754 dua-

284 789 355 826 bus
380 789 511 826 sufficit
530 788 761 825 orationibus
776 800 789 834 3
807 787 1003 839 aliquando
1030 787 1135 824 etiam
1158 786 1260 823 iuvat
1282 797 1394 833 quae·

283 867 420 897 rentem
460 860 499 895 in
519 858 668 896 alterius
702 856 879 894 orationis
915 864 1130 904 argumento
1151 855 1388 893 inveniendo.

283 929 368 965 Alia
397 939 548 975 quoque
583 939 668 964 cura
697 926 850 963 subinde
880 925 1037 963 solicitat
1065 926 1148 973 pios
1171 926 1392 972 prudentes·

282 1010 354 1045 que
379 998 555 1035 Oratores
583 995 717 1033 sacros.
781 995 916 1032 Vident
944 995 980 1030 hi
1007 995 1209 1041 irrepentes
1236 993 1272 1031 in
1298 1004 1391 1031 non-

279 1069 465 1105 nullorum
501 1066 643 1104 animos
683 1063 799 1101 falsas
819 1064 1016 1112 opiniones
1046 1075 1262 1110 erroresque
1296 1066 1391 1110 peri·

278 1135 450 1182 culosos‚
491 1135 630 1182 quibus
665 1144 710 1171 ne
758 1135 885 1182 plures
925 1133 1154 1181 abripiantur
1189 1135 1386 1171 verendum

276 1216 346 1244 est.
402 1206 531 1252 Itaque
553 1204 726 1241 monendi
758 1203 839 1240 sunt
866 1203 1038 1240 imbecilli
1068 1212 1104 1240 et
1139 1203 1303 1249 incauti,
1333 1216 1387 1241 er-

277 1283 396 1312 rantes
423 1274 460 1311 in
496 1274 590 1312 viam
628 1272 711 1310 sunt
735 1274 944 1311 revocandi.
1001 1273 1138 1311 Verum
1159 1286 1198 1311 ea
1221 1274 1386 1311 admoni-

274 1344 327 1381 tio
364 1353 399 1381 et
433 1344 667 1390 exhortatio,
710 1343 735 1380 fi
774 1351 873 1380 extra
907 1343 1071 1380 ordinem
1111 1344 1151 1381 fit
1184 1354 1220 1382 et
1245 1353 1386 1391 praeter

260 1415 463 1453 <hominum
501 1414 805 1462 exspectationem
822 1441 834 1459 ‚
873 1412 978 1450 facile
1007 1414 1168 1451 offendet
1195 1423 1383 1460 errantes,

272 1484 516 1531 suspicionem
545 1483 794 1521 commovebit
824 1482 862 1520 in
894 1482 1013 1538 bonos
1040 1483 1297 1531 fimplicesque
1323 1490 1383 1522 ve-

268 1555 385 1591 ritatis
407 1555 572 1600 amicos,
589 1565 628 1590 ac
653 1551 888 1600 perniciosam
917 1553 1091 1590 excitabit
1118 1554 1379 1592 cui-iolitatem.

266 1623 338 1659 His
384 1623 559 1670 utrinque
607 1619 818 1670 perpensis,
865 1622 1009 1659 dubitat
1063 1623 1236 1670 antistes‚
1289 1624 1381 1672 quid.

263 1692 330 1729 fibi
357 1693 398 1730 sit
426 1693 656 1730 faciendum:
686 1693 833 1740 angitur
858 1693 981 1729 animo
1012 1701 1046 1730 et
1074 1693 1271 1740 cruciatur.
1302 1694 1377 1731 Ve-

264 1774 345 1798 rum
388 1763 471 1798 huic
506 1762 755 1809 qualicunque
791 1762 1019 1802 haelitatioui
1045 1772 1079 1800 et
1111 1765 1281 1801 anxietati
1314 1777 1376 1802 oc-

259 1832 422 1869 curritur
456 1832 650 1879 instituto,
692 1843 767 1878 quo
797 1833 986 1872 doctrinae
1014 1835 1244 1872 Christianae
1277 1837 1378 1883 capi·

260 1911 324 1947 ta,
355 1903 389 1938 iu
426 1902 563 1948 quibus
591 1903 665 1939 fine
695 1902 861 1949 periculo
899 1913 962 1941 aut
995 1905 1127 1941 damno
1172 1906 1280 1942 errari
1309 1916 1374 1942 ne-

260 1972 363 2018 quit,
379 1980 481 2008 certo
506 1973 632 2009 ordine
658 1981 923 2018 exponuntur,
953 1983 1250 2021 argumentorum
1271 1985 1371 2021 pon-

258 2040 342 2077 dere
373 2040 638 2078 confimnantur
661 2050 696 2078 et
721 2041 764 2079 ab
791 2041 1010 2089 opinionum
1051 2043 1269 2080 commentis
1309 2045 1370 2080 (ie-¹

257 2107 474 2147 fenduntur.

307 2180 540 2228 Quamquam
568 2192 655 2217 vero
671 2181 741 2218 hoc
770 2180 976 2218 institutum
1006 2181 1274 2219 Homiletarum
1300 2195 1366 2220 cu-

255 2261 312 2287 ras
351 2250 482 2297 partim
520 2249 677 2296 minuit,
708 2250 856 2287 minime
889 2259 1008 2288 tamen
1034 2252 1277 2299 negligentiae
1299 2261 1363 2289 aut

1300 2323 1360 2358 tl&
