1487 2703
467 165 977 211 LITERARIA.
1212 188 1279 216 101

167 281 301 320 auxilia
334 280 571 329 praebuerit,
613 282 716 329 quod
748 282 953 320 luculenter
989 291 1088 331 patet
1118 296 1163 323 ex
1196 296 1286 334 ope-

165 363 247 390 rum
281 363 376 400 quae
401 351 512 389 nobis
540 360 742 399 supersunt
779 353 926 392 ratione
946 361 981 389 et
1007 353 1148 403 indole.
1186 355 1282 404 Quis

166 420 263 459 enim
295 420 388 459 illud
416 420 565 468 negabit
599 433 712 468 quum
747 433 828 458 eum
864 421 912 459 ita
947 422 1185 461 disserentem
1219 435 1286 461 au-

163 489 268 529 diat:
318 518 342 539 „
382 491 485 538 quod
516 490 549 527 si
586 491 670 538 quis
707 502 777 528 nos
814 491 1000 539 vituperet
1031 492 1079 530 ob
1121 505 1160 531 ea
1191 505 1285 541 quae

163 569 296 599 eontra
357 569 538 609 tyrannos
585 572 791 608 eorumque
837 562 1029 600 latrocinia
1074 564 1282 602 accusando

161 629 348 678 dicimus,
377 631 463 678 quia
499 631 637 679 patriae
667 630 825 668 miseriis
850 631 1155 681 ingemiscimus,
1180 635 1286 683 J‘usto

164 709 298 739 nostro
336 701 458 738 dolori
506 700 668 738 etsiamsi
703 700 858 738 hitoriae
893 702 1008 749 legem
1045 703 1289 751 transgredia-

164 778 255 818 tur,
295 771 443 808 venium
479 771 682 816 concedat,
724 770 840 808 etc.?’
892 780 927 807 et
962 771 1063 810 alibi.
1121 800 1145 819 „
1185 773 1288 822 Quid

163 840 311 877 tandem
345 851 453 887 passa
487 851 553 886 es,
605 852 627 877 o
666 840 866 878 miserrima
903 840 1058 888 civitas,
1093 853 1113 879 a
1148 845 1290 882 Roma-

166 911 252 957 nis,
306 910 371 957 qui
416 919 597 948 venerunt
629 919 670 947 ut
708 910 863 948 flammis
897 920 959 948 tua
993 911 1110 959 ipsiu-s
1154 914 1290 950 scelera

165 988 382 1028 purgarent.
412 1006 422 1018 .
456 1007 467 1018 .
499 1008 509 1019 .
542 981 615 1018 Sed
653 980 826 1028 quoniam
861 981 1045 1019 scribendi
1072 983 1133 1019 lex
1166 982 1292 1020 obstat

164 1049 397 1087 cohibendus
420 1058 475 1087 est
501 1051 609 1088 dolor
635 1062 718 1087 curn
749 1061 847 1088 nunc
871 1051 1022 1099 lugendi
1042 1060 1188 1100 tempus
1213 1063 1291 1089 non

166 1118 218 1158 sit
251 1119 317 1156 sed
349 1131 406 1157 res
441 1128 565 1167 gestas
599 1120 767 1158 narrandi
794 1121 818 1136 ’⁹
845 1121 929 1170 (1).
998 1122 1148 1159 Auxilia
1175 1134 1290 1170 porro

169 1198 264 1236 quae
300 1189 473 1227 hostibus
515 1189 713 1236 praebuit,
761 1191 872 1227 modo
907 1191 1115 1229 serviebant
1151 1194 1196 1230 ad
1236 1205 1294 1230 sa-

166 1259 280 1296 lutem
319 1258 457 1306 patriae
493 1259 813 1306 promovendam3
868 1269 949 1296 nam
998 1251 1101 1297 omni
1151 1261 1294 1298 ratione

161 1327 323 1378 judaeos
364 1329 408 1366 ad
443 1339 567 1375 pacem
604 1328 775 1365 hortatus
812 1338 894 1375 est,
924 1330 1010 1376 quia
1039 1330 1110 1367 sibi
1143 1343 1294 1378 persua-

167 1410 251 1436 sum
284 1398 441 1435 habebat
473 1399 573 1437 cives
605 1407 735 1435 contra
767 1399 960 1437 Romanos
999 1400 1052 1437 nil
1097 1402 1218 1439 valere
1257 1411 1293 1438 et

167 1469 273 1507 urbis
307 1468 531 1507 deditionem
570 1469 677 1506 unice
713 1481 778 1506 eos
804 1481 822 1506 a
845 1469 1007 1516 pernicie
1033 1481 1177 1509 servare
1204 1484 1294 1519 pos-

167 1551 239 1578 se.·
277 1539 413 1577 Omnia
448 1538 561 1587 igitur
590 1550 682 1586 quae
713 1538 884 1576 audiebat
918 1539 954 1575 in
987 1541 1116 1577 malam
1151 1551 1291 1588 partem

165 1608 392 1658 Judaeorum
431 1618 509 1645 non
551 1607 780 1655 explicabat3
835 1608 901 1646 sed
941 1618 1064 1654 neque
1103 1600 1294 1646 Romano.-

169 1690 279 1726 rum3
309 1688 466 1725 namque
492 1687 568 1714 non
595 1678 715 1714 solum
750 1677 829 1714 suis
857 1676 1006 1714 civibus
1032 1675 1180 1724 favere,
1220 1690 1295 1716 ma-

171 1749 228 1798 gis
257 1759 366 1795 quam
399 1759 464 1795 par
498 1754 599 1793 erat,
627 1746 780 1793 noluit3
818 1747 884 1783 sed
915 1745 1057 1783 etiamsi
1084 1748 1291 1793 voluisset,

171 1830 249 1858 non
282 1818 432 1867 potuit3
487 1828 569 1854 nam
611 1816 648 1853 in
688 1824 874 1864 potestate
908 1827 944 1854 et
983 1817 1087 1864 quasi
1121 1817 1292 1871 captivus

171 1898 248 1928 erat
280 1889 565 1932 Romanorum,
622 1886 714 1933 qui,
768 1885 803 1923 si
847 1886 987 1933 aliquid
1024 1887 1169 1925 veritati
1214 1898 1292 1925 non

162 1970 379 2008 >congruum
419 1958 464 1995 de
499 1957 573 1994 illis
609 1955 860 2002 narravisset,
888 1956 925 1993 id
947 1956 1097 2005 impune
1121 1957 1293 2007 profecto

171 2041 250 2068 non
275 2029 467 2067 sivissent.
522 2026 599 2064 Res
634 2025 751 2074 igitur
781 2035 902 2074 gestas
934 2029 1208 2075 contemplatus
1237 2037 1294 2066 est

168 2098 294 2137 neutri
324 2098 420 2146 parti
452 2097 609 2143 favens,
636 2097 701 2134 sed
729 2107 868 2143 aequus
904 2097 1117 2134 aestimator
1144 2106 1179 2134 et
1211 2099 1295 2147 jus·

688 2209 690 2211 .
1205 2176 1293 2215 tus,

213 2248 267 2286 (ι)
284 2251 331 2279 Cf.
355 2252 430 2280 Bell.
452 2250 526 2287 Jud.
551 2252 587 2280 V.
613 2258 640 2279 ι.
666 2251 696 2292 §f-
719 2259 751 2285 3.
