1487 2703
337 186 617 229 BOTANICO
632 210 645 220 —
657 188 1040 232 OECONOMICA.
1189 205 1203 234 ι
1213 205 1258 243 31

135 297 217 337 aliis
252 297 473 346 quibusdam
489 327 502 347 ‚
528 310 605 338 rem
628 299 804 339 cibariam
827 301 945 351 magis
971 300 1256 351 spectantibus,
1298 342 1301 345 ,

131 369 280 417 loquar.
354 369 477 408 Primo
517 369 642 417 itaque
685 371 772 409 loco
801 380 977 420 tanquam
1010 372 1117 421 panis
1160 372 1255 412 socii

129 439 204 477 huc
237 440 388 478 veniant
419 441 602 489 Butyrum
639 449 676 479 et
709 443 878 480 Caseus:
910 443 1010 480 hunc
1051 442 1091 480 in
1138 442 1249 481 finem

130 519 264 557 nempe
295 509 436 548 Solana
461 509 501 547 in
523 511 665 558 pultem
688 521 868 550 conversa
893 512 1039 560 1·e1iquo
1074 512 1160 552 lacti
1196 513 1257 552 in-

131 580 337 618 miscentur
382 588 425 618 ut
463 591 565 618 more
610 580 724 618 solito
761 581 825 620 fiat
867 582 1044 630 butyrum
1057 578 1073 632 ς
1125 583 1255 621 eodem

131 649 246 688 modo
270 650 303 687 si
329 649 426 688 casei
450 651 615 698 vulgaris
641 662 781 688 massae
807 651 1118 690 commisceantur
1142 660 1255 701 atque

131 720 367 758 condimenta
398 721 575 768 quaedam
598 721 801 768 addantur,
835 721 890 759 uti
911 722 1022 760 flores
1052 722 1256 771 Sambuci‚

131 791 271 829 semina
309 790 510 830 Coriandri
531 819 545 839 ‚
581 791 693 829 Anisi
727 791 868 839 aliave,
909 803 1039 830 caseus
1069 791 1255 831 formatur

131 862 198 909 qui
226 861 395 899 laudatur
417 870 593 908 tanquam
627 860 864 909 corruptioni
900 861 1023 900 minus
1062 861 1253 900 obnoxius

131 939 168 968 et
206 930 311 979 quod
337 930 528 969 vermibus
554 941 631 968 non
664 930 873 978 afficiatur3
901 931 1093 969 nonnullis
1128 941 1250 972 autem

132 1001 213 1050 ipsa
250 1001 340 1039 haec
391 1013 448 1040 res
486 1000 607 1040 facere
642 1009 802 1049 posset,
853 1010 897 1039 ut
946 1001 1070 1041 minus
1105 1010 1257 1050 appete-

131 1079 229 1110 rent.
256 1070 325 1120 (ι)
367 1070 438 1111 ΑΟ.
467 1080 563 1119 1754
593 1071 666 1120 jam
691 1070 824 1110 mulier
851 1072 1028 1119 quaedam
1060 1070 1099 1109 in
1123 1071 1257 1110 Suecia

131 1151 178 1179 ex
206 1141 352 1180 Solam's
399 1139 471 1179 sibi
509 1142 607 1190 Sago
647 1141 807 1188 speciem
847 1141 1016 1189 paravit,
1044 1141 1106 1179 alii
1146 1141 1255 1180 multi

131 1210 218 1250 dein
255 1210 410 1250 similem
445 1209 715 1258 confecerunt,
758 1211 834 1248 imo
866 1210 1119 1250 machinarum
1156 1222 1250 1260 ope:

131 1281 186 1320 sic
226 1280 324 1318 enim
364 1287 533 1323 matrona
563 1280 764 1328 quaedam,
807 1281 1093 1320 Chauveau
1132 1282 1255 1320 dela

131 1349 179 1388 M
189 1348 386 1386 ietiere
420 1348 587 1387 Parisiis
606 1348 706 1386 ,huic
733 1359 856 1397 scopo
883 1348 1061 1388 fabricam
1091 1351 1254 1389 erexisse

132 1418 337 1459 invenitur.
408 1418 655 1458 Existimatur
702 1419 835 1458 haecce
889 1421 985 1469 Sago
1036 1419 1252 1460 alimentum

131 1488 238 1526 valde
260 1487 429 1526 nutriens
466 1496 502 1526 et
537 1499 668 1527 sanum
684 1516 697 1536 ,
738 1489 843 1536 quod
874 1489 983 1528 etiam
1013 1490 1165 1540 Oryzae
1191 1492 1253 1531 vel

132 1558 244 1596 Milii
263 1557 379 1596 instar
399 1557 605 1607 praeparari
628 1566 776 1606 potest.-
797 1558 867 1606 (2)

181 1626 262 1665 Alii
292 1629 455 1676 amylum
490 1627 739 1666 adhibuerunt
773 1636 948 1674 tanquam
983 1630 1251 1670 succedaneum

131 1696 299 1745 pulveris
339 1697 475 1748 Salep,
502 1696 787 1746 Arrow-r00t‚
825 1698 990 1748 Topiaka
1025 1699 1248 1748 similiaque.

134 1766 398 1813 Ternaux‚
426 1778 473 1806 ex
502 1767 562 1806 St.
595 1767 724 1813 Ouen,
753 1768 932 1817 operariis
964 1768 1043 1808 suis
1077 1771 1249 1818 porrexit

132 1836 273 1876 Solana
307 1836 486 1884 gelatinae
520 1848 565 1875 ex
597 1837 749 1876 ossibus
782 1839 937 1888 juncta,
989 1841 1099 1888 quale
1132 1840 1258 1880 nutri-v

1150 1923 1184 1950 m
1189 1922 1255 1950 en-

171 1993 229 2033 (1)
249 1995 300 2025 Cf.
323 1996 435 2025 oecon.
458 1995 598 2032 Neuigk.
625 2000 720 2032 1827,
740 1997 792 2025 n⁰.
818 2005 869 2034 49.
899 2003 959 2032 pag
985 2005 1059 2033 392,
1087 2004 1119 2026 et
1147 1994 1246 2034 opus}

133 2051 196 2090 Die
217 2052 545 2090 Kartoffol-frucht‚
568 2054 747 2083 Rudolstadt
765 2057 858 2088 1830,
879 2061 948 2089 pag.
971 2062 1038 2089 103.
1211 2051 1214 2055 ’

173 2106 226 2146 (2)
248 2110 381 2140 Schwed.
403 2111 563 2141 Abhandl.
591 2112 677 2140 Band
699 2111 781 2140 XVI.
809 2119 878 2147 pag.
901 2120 951 2147 77.
973 2125 1011 2134 ——
1033 2111 1256 2148 Geiszler,

133 2168 157 2198 1.
177 2174 207 2197 c.
226 2175 295 2203 pag.
317 2168 574 2204 108‚Tab.V.-
589 2169 670 2208 J.A,
689 2169 830 2204 Voigt‚
852 2170 1005 2207 Magazin
1016 2171 1078 2207 fiir
1094 2169 1151 2198 den
1161 2175 1252 2199 nuen-

134 2229 186 2257 mu
205 2224 349 2254 zuscand
364 2225 419 2254 der
437 2226 579 2255 Naturk.
599 2232 661 2256 etc.
683 2225 819 2257 Weimar
841 2230 932 2266 1804,
955 2227 1049 2256 Band-
1076 2227 1143 2257 vll.
1158 2228 1203 2258 st.
1219 2237 1251 2266 4.

134 2288 165 2316 r·
185 2286 255 2318 343-

652 2341 669 2379 1
695 2353 717 2379 2
