1544 2693
240 166 291 208 16
441 161 619 206 HERM.
653 159 678 203 J
683 160 774 205 OH.
808 158 1123 204 ROYAARDS

237 298 369 342 culum
417 295 516 340 illud
567 294 838 339 arctissimum
883 292 989 335 inter
1034 291 1248 336 Civitatem
1292 298 1335 336 et

235 381 458 426 Ecclesiam
488 378 795 429 Reformatam‚
828 374 894 418 cui
932 374 1004 418 uni
1039 378 1133 432 J’ura
1164 373 1333 434 politica

232 463 548 522 competebant,
580 467 728 517 negata
764 458 934 514 ceteris;
967 472 1104 503 nonne
1129 459 1218 502 luce
1242 457 1333 502 cla-

232 548 316 591 rius
349 547 416 590 illa
456 541 630 595 docent,
676 542 834 585 hancce
877 541 1098 600 pietatem,
1142 556 1248 598 quae
1288 541 1333 585 in

232 628 449 673 condenda
472 628 580 671 forte
599 625 724 683 viguit
748 624 981 683 Republica
998 655 1010 676 ‚
1040 623 1084 666 in
1109 638 1158 667 ea
1181 623 1332 668 tuenda

233 713 275 757 id
305 711 504 769 temporis
536 708 715 753 abfuisse
754 707 1028 765 longissime?

291 795 439 855 Specie
481 808 579 838 sane
631 792 735 836 haec
789 806 878 834 sese
924 788 1217 834 commendare
1271 791 1338 832 vi·

234 879 412 930 dentur,
452 891 498 920 re
532 889 630 919 vero
666 888 751 917 non
786 873 899 917 item.
933 898 986 907 —
1038 871 1206 930 Quippe
1247 870 1337 914 fieri

235 962 346 1006 haud
387 959 523 1019 potuit
565 965 697 1002 aetate
740 957 836 1009 illa,
881 971 963 1013 qua
999 954 1134 999 ubivis
1174 956 1259 999 fere
1293 954 1338 998 in

236 1046 409 1103 Europa
446 1044 705 1086 invaluerunt
735 1040 952 1098 religiones
983 1038 1204 1098 publicae,
1235 1039 1337 1096 quin

235 1130 302 1172 illa
340 1127 620 1186 Respublica,
675 1139 781 1182 quae
824 1139 906 1168 una
943 1122 1128 1167 omnium
1162 1123 1340 1167 maxime

238 1212 433 1269 religione
460 1210 668 1254 nitebatur
707 1216 746 1252 et
775 1207 1149 1259 protestantismo‚
1193 1205 1343 1250 civita-

238 1296 289 1339 tis
320 1294 557 1351 religionem
585 1292 794 1350 publicam
823 1290 1104 1335 constitueret.
1176 1290 1211 1333 E
1249 1289 1349 1333 Re-

238 1368 485 1423 formatione
528 1383 671 1428 enata,
713 1375 797 1419 vita
834 1375 920 1418 eius
965 1375 1219 1430 subsequens
1259 1387 1342 1432 pe-

235 1462 379 1521 pendit
410 1477 432 1504 a
464 1459 672 1519 principio
705 1457 1031 1502 Reformationis
1050 1490 1064 1508 ‚
1094 1457 1238 1501 sedulo
1267 1470 1345 1501 ex-

243 1546 366 1590 culto.
425 1543 532 1587 Hinc
579 1549 666 1593 est,
727 1541 842 1597 quod
905 1542 1050 1584 Patres
1106 1540 1345 1600 Conscripti

238 1628 447 1673 communi
492 1627 577 1670 fere
624 1639 828 1668 consensu
874 1624 1032 1682 egerint
1072 1624 1123 1669 de
1158 1623 1345 1670 Ecclesia

243 1721 281 1758 et
307 1711 494 1755 Civitate.
555 1708 721 1768 Quippe
752 1707 979 1751 Ecclesiam
1019 1694 1234 1761 curantes,
1268 1722 1348 1752 cu-

242 1797 391 1844 rabant
419 1794 688 1853 Reipublicae
722 1806 868 1851 pacem
902 1799 941 1835 et
977 1791 1345 1848 tranquillitatem3

245 1893 432 1939 quaeque
472 1891 553 1920 una
594 1883 682 1919 erat
721 1875 764 1917 in
802 1889 943 1918 eorum
972 1874 1117 1918 animis
1139 1889 1264 1920 causa
1293 1875 1350 1919 li-

244 1962 416 2009 bertatis
447 1975 538 2004 cum
569 1957 807 2016 religiosae,
838 1965 923 2001 tum
950 1957 1101 2010 civilis,
1129 1958 1239 2002 hanc
1264 1973 1349 2018 pu-

246 2049 352 2094 blice
383 2045 686 2104 profitebantur
714 2041 784 2086 illi.
845 2041 1038 2085 Nondum
1067 2041 1174 2085 enim
1206 2057 1252 2086 ea
1280 2043 1353 2086 in·

246 2133 428 2176 valuerat
467 2128 509 2172 id
544 2124 744 2186 temporis
781 2124 893 2183 apud
924 2125 1140 2168 Nostrates
1175 2126 1236 2168 vis
1276 2140 1352 2169 su-

248 2229 391 2276 prema
425 2211 641 2265 Politices,
675 2217 719 2253 ut
750 2215 896 2253 cuncta
917 2240 929 2261 ‚
959 2207 1093 2266 ipsam
1125 2207 1231 2252 adeo
1256 2207 1350 2253 Re·-
