1487 2703
211 236 259 273 62
438 228 1105 273 COMMENTATIO

205 344 395 392 judaicam
432 341 529 391 (1),
557 340 659 387 quod
684 325 887 376 secundum
915 339 1012 387 leges
1045 339 1232 378 Mosaicas
1265 351 1326 379 ve-

208 416 317 453 titum
355 420 431 450 erat
464 409 756 456 Sacerdotibus,
802 409 858 446 uti
889 408 969 457 ipse
1006 408 1122 447 dixit:
1181 437 1206 457 „
1230 412 1323 459 μήτε

208 486 332 530 δούλην
381 484 467 531 μὴν)
517 481 750 530 αἰχμάλητον
799 486 934 529 γαμεῖν
985 482 1112 525 αὐτοὺς
1167 482 1323 522 usumv-

209 573 250 596 κε
273 554 299 571 ”
337 554 423 603 (2).
488 552 613 602 Quare
655 551 762 589 etiam
799 549 884 588 dein
929 551 1068 589 hancce
1108 551 1321 599 repudiasse

208 625 370 664 videtur.

256 694 357 733 Cum
393 694 478 731 dein
511 690 762 739 Vespasianus
790 690 827 728 in
854 690 1028 728 omnibus
1053 690 1165 729 rebus
1189 698 1324 729 setun-

205 767 248 804 da
289 764 441 802 fortuna
472 761 622 810 gavisus
657 770 780 808 esset,
835 772 920 800 cum
958 761 1081 799 omnia
1117 761 1196 811 eJ'us
1231 769 1323 800 vota

204 835 440 883 explerentur
466 840 502 869 et
530 843 550 869 a
581 831 764 870 militibus
790 839 827 869 et
857 832 1002 879 populo
1029 830 1202 869 Romano
1227 830 1323 870 Cae-

204 917 264 945 sar
298 911 444 942 creatus
488 910 612 949 esset,
640 910 718 940 tum
746 901 786 938 in
815 900 1028 939 memoriam
1063 898 1253 939 revocavit
1281 911 1322 939 ea

205 986 300 1024 quae
335 972 524 1024 Josephus
560 972 592 1009 ei
625 970 847 1009 vaticinatus
881 979 982 1018 erat3
1037 981 1200 1016 cumque
1231 970 1322 1009 haec

206 1044 330 1084 omnia
365 1043 507 1082 videret
544 1041 694 1089 impleta
712 1069 725 1088 ‚
779 1041 859 1090 ejus
893 1041 972 1079 filio
1010 1039 1103 1079 Tito
1138 1049 1321 1089 anctore,

199 1116 368 1167 Josepho
402 1113 606 1152 libertatem
634 1110 791 1150 reddidit
818 1111 904 1162 (3).
957 1110 1030 1150 Hic
1062 1108 1322 1160 imperatorem

204 1184 463 1226 Alexandriam
501 1181 796 1232 proficiscentem
830 1179 1031 1219 comitatus
1061 1190 1141 1229 est,
1190 1179 1322 1229 ibique

205 1257 310 1295 allam
343 1253 449 1294 duxit
478 1264 645 1292 uxorem.
707 1252 814 1289 Illinc
846 1263 932 1289 cum
961 1251 1055 1289 Tito
1081 1251 1121 1290 in
1143 1250 1319 1300 Judaeam

205 1336 379 1365 reversus
416 1332 473 1362 est
504 1332 541 1361 et
576 1321 767 1361 obsidioni
798 1321 1150 1370 Hierosolymorum
1185 1320 1319 1360 adfuit.

202 1395 341 1436 Multis
379 1404 415 1432 et
448 1393 561 1432 variis
605 1391 813 1431 rationibus
850 1391 944 1430 Tito
976 1391 1016 1429 in
1053 1390 1142 1430 urbe
1174 1402 1320 1441 oppug-

207 1465 324 1504 nanda
354 1463 502 1513 profuit
529 1464 612 1512 (4).

257 1536 349 1583 Sic‚
377 1547 415 1573 v.
444 1545 482 1582 g.
510 1542 706 1580 antequam
747 1532 927 1580 impetum
966 1530 1005 1569 in
1045 1531 1175 1569 urbem
1200 1529 1321 1570 facere

206 1607 406 1655 inciperet,
435 1615 519 1642 cum
542 1603 683 1641 incolas
709 1602 756 1640 ad
780 1601 1006 1640 deditionem
1028 1601 1168 1639 hortari
1185 1602 1323 1650 vellet,

206 1677 308 1716 misit
333 1674 541 1726 Josephum
577 1672 642 1720 qui
673 1671 791 1723 patria
816 1671 942 1720 lingua
968 1670 1320 1720 Hierosolymitanis

206 1748 319 1786 verba
352 1745 516 1792 faceret,
543 1742 625 1781 fore
658 1741 872 1780 existimans
909 1749 952 1779 ut
983 1740 1170 1779 hominem
1201 1740 1322 1790 genti-

208 1821 280 1857 lem
317 1816 443 1866 potius
483 1825 594 1863 quam
630 1812 741 1851 alium
777 1811 903 1850 audire
930 1812 1080 1850 vellent.
1133 1811 1206 1850 Hic
1232 1821 1322 1860 ergo

207 1898 339 1927 curans
375 1895 418 1925 ut
459 1885 497 1924 in
532 1885 618 1922 loeo
651 1891 765 1921 staret
801 1882 899 1921 unde
929 1882 1048 1921 audiri
1073 1888 1227 1930 posset,
1282 1891 1320 1920 et

210 1959 274 1997 ubi
303 1958 457 2007 sagittae
480 1965 563 1994 eum
588 1953 769 2003 attingere
794 1963 871 1991 non
898 1961 1052 2001 possent
1067 1982 1080 2001 ‚
1115 1953 1317 1992 orationem

1272 2024 1316 2062 ad

247 2143 298 2178 (1)
321 2142 371 2170 Cf.
393 2143 459 2179 Jos.
479 2137 510 2169 in
535 2141 596 2169 vita
622 2136 651 2178 ς’.
673 2149 720 2175 75.

248 2199 301 2236 (2)
322 2198 371 2227 (f.
395 2198 471 2228 Lev.
492 2198 571 2226 XXI.
592 2205 622 2226 et
644 2197 788 2227 Antsnl.
810 2205 857 2228 ια.
880 2199 906 2235 §.
929 2209 958 2228 2.

249 2255 301 2292 (3)
321 2257 369 2286 Cf.
390 2256 466 2283 Bell.
489 2255 561 2291 Jud.
585 2254 638 2285 lv.
660 2265 705 2285 10.
729 2256 756 2292 §.
778 2263 807 2288 7.

249 2313 299 2351 (4)
322 2314 370 2341 (ΞΓ,
395 2314 464 2349 Jos-
482 2313 512 2342 ‘m
540 2313 601 2341 vita
630 2309 658 2349 ξ.
682 2322 729 2348 75.
