1544 2693
229 177 320 208 XVI

230 278 279 321 B.
299 275 347 319 F.
378 271 686 324 SUERMAN,
733 279 921 328 tempore
968 270 1171 330 hyemali,
1225 286 1337 330 qua-

227 355 293 391 ter
326 360 402 404 per
440 342 596 387 dierum
626 340 959 395 hebdomadem,
1001 341 1103 386 hora
1126 342 1178 387 V.

286 420 658 465 Institutionibzcs
693 420 740 460 in
768 426 870 460 arte
901 420 1192 476 chirurgica,
1224 432 1335 476 quo-

229 494 291 537 vis
321 493 411 544 die,
457 489 619 533 vacabit
644 489 694 532 B.
713 487 762 531 F.
790 486 1090 534 SUERMAN.

288 570 527 612 Theoriccm
559 568 680 607 artis·
709 565 997 607 obstetriciae
1046 566 1079 611 l.
1104 565 1136 610 Ῐ.
1161 564 1338 612 WOL—

228 637 525 691 TERBEEK,
556 636 624 679 die
649 633 815 688 martis,
844 634 948 680 iovis
974 642 1016 680 et
1037 637 1223 688 veneris,
1253 635 1339 679 ho-

225 726 275 754 ra
300 710 373 754 IX.

284 785 653 830 Institutiom'bas
698 784 999 837 obstetriciis,
1070 787 1118 826 in
1169 785 1339 840 primis·

217 859 475 915 practicis,
520 858 566 897 in
610 855 873 897 Nosocomio
913 856 1131 898 habendis
1172 851 1338 899 vacabit

227 929 310 974 1.1.
341 923 783 974 VVOLTERBEEK.

286 1007 568 1047 Medicinam
607 1004 849 1044 Forensem
911 1001 1048 1045 tradet
1104 1001 1157 1045 N.
1186 999 1234 1046 C.
1269 1015 1334 1044 DE

227 1074 534 1128 FREMERY,
564 1073 712 1117 diebus
738 1071 933 1116 mercurii
961 1078 1002 1116 et
1029 1071 1212 1125 saturni,
1252 1070 1338 1116 ho-

227 1162 275 1191 ra
295 1145 407 1191 Vlll.

284 1225 571 1278 Disputancli
601 1218 991 1272 exercitationibus,
1024 1218 1194 1263 alternis
1226 1218 1338 1264 heb-

228 1293 501 1346 domadibus,
543 1292 808 1336 Professores
847 1290 891 1334 in
922 1289 1137 1335 Facultate
1169 1290 1336 1336 Medica

228 1366 463 1424 praeerunt.

282 1441 316 1485 l.
347 1439 658 1485 BLEULAND
675 1471 686 1492 ‚
717 1440 812 1483 licet
838 1445 1014 1497 propter
1048 1444 1224 1482 aetatem
1252 1437 1338 1482 ho-

228 1511 397 1556 norifice
414 1510 517 1554 rude
535 1510 735 1563 donatus,
766 1508 1140 1563 commilitonibus,
1164 1508 1237 1566 qui
1260 1522 1337 1554 ex-

224 1582 487 1642 plicationem
518 1580 819 1625 accuratiorem
854 1580 1129 1639 speciminum
1170 1580 1338 1624 Anato-

227 1655 430 1698 micorum
466 1660 506 1697 et
536 1651 905 1709 Pathologicorum
943 1651 987 1694 in
1023 1651 1171 1695 Museo
1207 1665 1338 1709 prae-

228 1725 402 1769 sentium
437 1723 761 1771 desiderabunt,
816 1738 890 1766 sua
920 1720 1089 1775 officia,
1135 1729 1336 1779 quantum

226 1796 418 1841 valetudo
447 1795 682 1854 permittet,
713 1792 857 1839 offert.

229 1933 278 1976 In
308 1929 660 1975 FACULTATE
693 1926 1120 1974 PHILOSOPHIAE
1151 1927 1337 1973 THEO-

349 1999 601 2045 RETICAE
633 2014 694 2044 ET
724 1997 1080 2044 LITERARUM
1110 1997 1223 2043 HU-

477 2068 829 2121 MANIORUM,
873 2067 1085 2112 docebunt

287 2209 532 2264 Logicam,
563 2211 687 2261 atque
716 2203 1136 2259 Antlzropologiam
1170 2201 1203 2245 I.
1221 2201 1271 2246 F.
1287 2201 1334 2246 L.

1536 2018 1544 2468 ——m
