1487 2703
160 220 232 247 102
379 200 1044 248 COMMENTATIO

163 327 251 363 tus,
280 314 383 363 quod
417 313 524 351 etiam
559 313 604 349 de
629 322 670 349 se
704 311 786 360 ipse
817 319 974 350 testatus
1006 319 1091 359 est,
1118 311 1274 351 dicens:

165 415 189 435 ,‚
214 382 421 423 Nonnullis
454 381 603 429 quidem
632 381 881 430 scriptoribus
903 381 942 419 in
964 365 1086 420 animo
1115 391 1171 421 est
1196 382 1277 421 Ro-

164 465 291 492 manos
323 464 435 501 supra
459 452 610 489 modum
644 451 816 490 laudibus
849 449 1006 499 efferre,
1053 462 1186 500 resque
1205 451 1275 501 Ju-

164 525 339 561 daeorum
370 521 475 571 parvi
503 523 637 560 ducere
660 529 696 559 et
721 533 790 569 pro
815 521 935 559 nihilo
963 520 1115 560 habere:
1144 531 1275 560 verum

167 593 228 632 isti
257 592 356 630 haud
388 603 521 647 ⁸secum
549 600 747 640 reputant,
775 592 840 639 qui
872 591 951 630 fieri
983 592 1105 640 possit
1133 600 1175 629 ut
1204 602 1277 640 pro

167 663 308 712 magnis
333 662 562 708 habeantur,
592 662 656 710 qui
683 662 841 710 pusillos
871 661 1181 710 superaverint.”
1223 662 1277 701 Et

167 734 281 781 paulo
317 741 426 781 post:
482 760 506 781 „
541 732 678 779 Neque
722 741 844 770 tamen
878 743 947 781 ego
980 732 1011 770 is
1049 744 1159 780 sum,
1212 730 1281 780 qui

168 816 253 842 cum
290 803 365 851 iis,
400 803 464 851 qui
490 814 547 840 res
582 802 837 840 Romanorum
879 803 1090 849 extollunt,
1125 809 1282 839 conten-

170 873 289 921 dens,
341 882 497 921 contra,
551 885 644 921 quae
684 885 705 911 a
748 873 992 922 popularibus
1046 872 1138 911 meis
1179 880 1282 920 gesta

171 952 289 990 sunt,
341 943 379 980 in
423 944 539 992 maJ‘us
585 955 716 992 augere
776 943 1023 992 decreverim;
1076 943 1142 981 sed
1185 942 1282 980 faeta

174 1012 321 1061 quidem
377 1013 575 1062 utriusque
630 1013 763 1062 populi
816 1021 984 1052 accurate
1045 1023 1244 1060 persequar
1267 1039 1281 1059 ‚

175 1091 248 1121 etc.
266 1082 293 1099 ”
320 1083 400 1132 (1).

225 1152 419 1191 Secundoz
460 1151 643 1204 Josephus
667 1152 754 1201 fuit
787 1154 851 1192 νίν
890 1154 1034 1204 sapiens
1075 1162 1111 1191 et
1147 1164 1284 1202 sagax.

177 1220 264 1258 Hoc
300 1220 388 1259 satis
420 1232 464 1258 ex
497 1233 608 1270 supra
641 1222 750 1261 dictis
785 1230 915 1272 patet3
948 1223 1015 1260 sed
1047 1221 1196 1260 maximi
1229 1228 1295 1259 est

182 1290 360 1328 momenti
396 1300 437 1327 ut
462 1303 503 1328 ea
531 1292 590 1329 hic
623 1293 696 1329 loci
728 1301 950 1339 repetamus.
1017 1292 1160 1339 Magno
1191 1291 1288 1329 enim

179 1371 264 1398 curn
290 1360 422 1410 judicii
454 1363 621 1399 acumine
653 1373 745 1409 quae
776 1362 869 1400 vidit
897 1371 934 1400 et
966 1362 1134 1409 audivit,
1174 1362 1288 1399 adno-

157 1429 301 1478 tavit,
347 1431 482 1469 relictis
513 1432 558 1470 iis
584 1444 677 1479 quae
707 1431 859 1470 minoris
888 1442 990 1470 erant
1016 1433 1155 1480 pretii,
1208 1432 1288 1470 aliis

179 1511 268 1537 vero
292 1509 459 1538 accurate
483 1502 762 1542 animadversis.
814 1503 980 1540 Maxime
1005 1512 1126 1541 autem
1148 1503 1181 1540 ei
1203 1514 1292 1551 pro-

183 1568 283 1618 fuit,
310 1572 412 1618 quod
440 1571 599 1610 diximus
622 1574 659 1621 ἕ.
687 1572 908 1620 superiore,
935 1584 1018 1610 eum
1041 1573 1159 1611 fuisse
1187 1581 1292 1610 antea

178 1638 401 1688 Judaeorum
438 1640 595 1688 ducem,
624 1652 784 1688 namque
821 1642 874 1679 sic
910 1642 1032 1680 omnia
1077 1650 1224 1688 mente,
1251 1642 1291 1678 in

181 1709 294 1747 rebus
343 1710 565 1749 militaribus
609 1720 777 1758 versata,
829 1712 999 1760 adspexit
1036 1721 1071 1750 et
1106 1720 1291 1750 scrutatus

184 1789 254 1817 est.
308 1779 408 1817 Hinc
440 1781 589 1827 pulcrae
618 1782 986 1830 accuratissimaeque
1013 1783 1095 1820 illae
1132 1783 1295 1831 descrip-

184 1849 304 1887 tiones
333 1850 516 1889 exercitus
552 1852 805 1890 Romanorum
830 1861 866 1890 et
889 1861 1096 1891 castrorum
1123 1853 1295 1891 aliorum-

187 1932 281 1968 que,
322 1933 415 1969 quae
439 1933 569 1960 ornnes
594 1923 800 1961 luculenter
837 1923 997 1971 probant
1022 1935 1082 1961 eas
1109 1923 1294 1971 profectas

185 2002 266 2030 esse
298 2003 318 2029 a
347 2003 456 2030 manu
485 1991 680 2040 scriptoris
711 2005 832 2031 rerum
852 1994 908 2032 rde
937 1993 1073 2041 quibus
1107 1993 1181 2041 agit
1201 1994 1299 2042 peri-

185 2061 321 2100 tissimi
360 2063 444 2111 (2).
524 2063 597 2101 Hic
634 2063 739 2101 etiam
775 2063 1091 2103 animadvertenda
1129 2071 1218 2102 sunt
1256 2075 1298 2102 ea

1203 2144 1297 2182 quae

225 2227 278 2264 (ι)
296 2229 345 2260 Cf.
366 2228 443 2257 Bell.
464 2228 538 2266 Jud.
560 2235 699 2264 prooem.
721 2229 749 2264 §-
772 2237 809 2265 3,
827 2239 859 2267 4.

223 2286 274 2324 (2)
295 2286 344 2315 cf.
365 2287 443 2316 Bell.
464 2286 534 2322 Jud.
557 2287 607 2317 ΙΙΙ.
632 2295 646 2320 5
660 2305 670 2321 ,
690 2285 722 2320 6.
739 2293 805 2322 sqq.
