1487 2703
228 133 281 177 ,73
476 126 1148 167 COMMENTATIO

219 242 255 278 ui
292 239 479 288 pollinis,
509 239 595 275 dum
619 237 679 274 alii
708 237 850 274 tandem
875 245 1040 274 statuant
1069 247 1113 274 ex
1130 245 1259 274 natura
1289 235 1355 272 lie·

227 312 256 347 ri
297 310 429 347 debere
468 318 502 345 ct
546 307 763 355 perhibeant
803 305 979 343 Solanum
1012 306 1220 343 tuberosum
1263 313 1352 353 post

233 393 388 428 14—20
428 389 546 415 annos
582 388 727 425 semper
755 378 988 423 degenerare.
1021 375 1089 424 (1)
1141 375 1268 413 Nobis
1298 386 1355 413 re-

235 461 319 488 vera
351 449 497 487 videtur
534 458 679 496 semper
712 446 972 484 attendendum
1018 457 1125 492 esse,
1178 446 1280 492 quod
1307 443 1356 482 sit

236 521 359 569 planta
385 519 529 556 exotica
546 546 559 564 ‚
587 529 694 564 quam
725 516 928 565 indigenam
966 515 1072 562 quasi
1108 514 1269 561 factam,
1293 526 1355 552 va-

237 590 300 627 riis
335 591 501 628 culturae
531 586 764 626 adminiculis
801 586 992 623 hominum
1027 586 1110 624 usui
1137 596 1356 624 conservare

239 662 428 706 nitantur,
466 659 527 696 cui
566 668 750 695 caeterum
790 668 905 703 aeque
933 668 972 693 ac
1006 655 1181 694 omnibus
1219 654 1356 704 plantis

240 740 312 768 stat
359 742 426 767 sua
463 730 560 767 vitae
592 728 796 776 periodus,
838 738 930 773 quae
968 726 1078 764 dictis
1120 725 1270 772 causis,
1313 733 1355 762 ut

240 802 353 839 dicam
384 799 705 845 occasionalibus,
744 797 850 834 ocius
900 797 1088 834 tardiusve
1134 804 1264 833 metam
1305 803 1358 832 at-

239 874 380 921 ringeie
418 871 541 908 debet.
581 869 650 908 ΛΟ.
695 871 787 915 1781
817 878 913 905 van
954 866 1197 913 Bavegem
1239 864 1358 913 scrip-

241 944 291 980 sit
327 943 372 979 de
401 942 510 978 hacce
542 939 825 988 degeneratione
855 941 966 984 atque
1003 936 1144 984 premio
1172 935 1356 972 condeco-

237 1022 340 1051 ratus
378 1011 466 1049 suit.
521 1009 735 1058 Adscripsit
762 1017 892 1046 auctor
933 1007 1004 1044 hoc
1036 1006 1195 1057 malum,
1236 1004 1365 1052 primo

241 1083 429 1121 vermibus
452 1094 471 1118 e
499 1090 632 1128 genere
654 1080 962 1130 collopteraram,
990 1076 1075 1114 dein
1102 1075 1360 1129 atmnospherae

239 1152 520 1191 conditionibus
547 1150 607 1188 vel
643 1147 885 1187 asservationi
928 1155 1135 1202 protractae
1173 1146 1209 1184 in
1235 1156 1360 1184 caver-

240 1224 298 1262 nis
311 1222 440 1261 aliisve
463 1221 558 1260 locis
576 1249 587 1267 ‚
607 1220 670 1258 ubi
686 1248 697 1266 ‚
712 1218 932 1256 humiditate
954 1217 1150 1254 accedente
1165 1243 1177 1262 ,
1197 1226 1359 1264 gemmae

240 1294 464 1343 pullularent
497 1302 532 1329 et
566 1290 789 1329 fertilitatem
819 1300 922 1326 suam
955 1287 1164 1324 amitterent
1204 1285 1357 1333 tubera3

240 1364 350 1402 variis
388 1371 509 1400 autem
550 1359 809 1408 experimentis
851 1359 1025 1406 deinceps
1072 1357 1228 1394 edoctus
1272 1365 1356 1405 est,

242 1446 361 1472 veram
400 1443 545 1470 causam
573 1431 611 1468 in
639 1429 732 1477 ipsis
756 1429 898 1466 Solam]
917 1457 929 1474 ‚
957 1437 1142 1474 tamquam
1172 1425 1360 1466 fructibus

244 1507 408 1554 plantae¹
426 1502 616 1547 exoticae‚
645 1499 796 1548 reperiri
831 1507 943 1546 atque
973 1498 1103 1535 statuit
1125 1498 1232 1535 talem
1258 1497 1363 1545 plan-

248 1587 319 1614 tam
364 1585 408 1612 cx
448 1572 568 1620 ipsius
617 1579 768 1608 naturae
800 1571 880 1618 lege
933 1570 1149 1618 degenerare
1200 1566 1360 1614 debere,

252 1647 354 1695 quod
397 1655 512 1692 aeque
553 1642 652 1689 apud
691 1641 777 1678 alias
811 1642 954 1688 plantas
1005 1639 1143 1675 similes
1184 1637 1363 1679 observa·

249 1728 324 1755 tur.

298 1788 397 1826 Inter
416 1786 528 1835 hujus
551 1770 844 1832 degenerationis
870 1792 998 1817 causas
1032 1778 1280 1835 occasionales
1308 1789 1366 1816 se-

252 1867 407 1906 quentes
431 1863 669 1893 annumerat:
713 1852 752 1891 1⁰
780 1860 899 1890 satum
923 1851 1001 1888 sine
1023 1849 1235 1888 discrimine
1261 1860 1365 1886 sum-

252 1941 345 1967 tum.
393 1928 448 1966 2⁰.
488 1926 775 1964 asservationem
814 1922 883 1959 sati
931 1919 1228 1966 diuturniorem,
1278 1929 1366 1958 cura

250 1999 501 2037 humiditatem
536 1994 744 2034 arcescendi
776 2003 810 2030 et
843 1991 1143 2040 germinationem
1167 1985 1368 2038 impedien-

1332 2059 1367 2096 di

291 2154 354 2188 (1)
376 2149 525 2179 Farmer’s
554 2148 742 2183 Magusum,
776 2148 831 2173 Vol
863 2147 954 2174 XXV.
984 2152 1048 2178 pag.
1081 2155 1117 2177 2,
1142 2151 1170 2170 et
1192 2144 1366 2178 lluntcr‚

261 2214 369 2245 Ccorg.
396 2208 504 2240 Enni,
527 2207 596 2233 Vol.
622 2204 632 2231 1
660 2212 727 2238 pag..
750 2210 814 2237 305.

1472 2181 1475 2187 -
1462 2131 1482 2174 φῖ·
1452 1554 1485 2122 *new-iazxwewtfflmwm
1463 1472 1480 1546 mm
1462 1316 1482 1465 nuos-it>

1464 756 1480 830 rann
1460 498 1481 738 *dama-wazu
1468 472 1472 478 =
1467 389 1478 430 ..·
1474 367 1475 374 c
1468 331 1482 339 3„
1472 303 1475 310 V

1466 829 1480 959 .ae·›·‹:fivrkn„

1463 1134 1487 1309 ——xss-z-‹aezo
1471 1095 1481 1123 -..-„
1466 1042 1480 1079 ἣν,
