1487 2703
223 206 272 241 26
447 200 1112 241 COMMENTATIO

221 319 410 360 posterum
440 310 571 348 iterum
610 309 830 357 deficerent,
859 321 981 358 neque
1017 311 1183 351 audirent
1218 315 1332 352 malos

218 380 444 419 seditionum
483 389 671 417 auctores.

266 451 365 489 Dum
397 449 517 488 adhuc
550 449 773 497 loquebatur
802 449 935 497 aliquis
972 461 992 488 e
1029 451 1107 490 suis
1146 452 1179 489 ei
1216 452 1332 491 suasit

217 530 258 560 ut
294 521 529 560 descenderet
564 530 599 558 et
637 519 854 568 aufugeret,
896 521 983 569 quia
1017 521 1166 560 miserat
1194 521 1334 571 Johan-
1361 530 1364 533 ”

215 603 281 631 nes
308 590 443 629 milites
476 590 540 638 qui
566 602 649 628 eum
678 590 903 629 occiderent.
950 590 1107 638 Jamque
1132 591 1336 640 appropin-

214 660 403 710 quabant,
420 661 581 708 ,quando
608 660 798 708 Josephus
814 687 827 706 ,
851 660 1007 709 juvante
1028 659 1199 708 Jacobo,
1225 659 1332 698 ocius

212 744 233 770 e
269 739 378 779 septo
414 729 589 777 desiluit,
624 737 663 767 et
696 729 741 767 ab
771 729 920 767 Herode
954 729 1114 777 quodam
1134 729 1233 767 'cive
1263 728 1334 767 Ti-

213 800 375 839 beriensi
415 800 634 838 sublevatus
673 799 718 837 ab
753 811 874 847 eoque
909 800 1091 838 deductus
1115 800 1160 838 ad
1185 800 1332 846 lacurn,

213 881 416 910 conscensa
445 881 564 917 nave,
590 881 611 907 e
647 869 816 907 manibus
844 869 1011 907 hostiurn
1035 869 1154 908 evasit
1181 868 1269 919 (ι’).

262 939 461 979 Profectus
486 940 536 977 ita
560 948 619 977 est
649 938 874 986 Taricheas,
900 939 1008 987 cujus
1035 938 1139 976 urbis
1164 939 1329 985 incolae,

211 1011 314 1050 hisce
349 1009 514 1056 auditis,
540 1020 665 1046 casum
685 1008 844 1057 josephi
871 1008 962 1046 adeo
999 1006 1181 1056 indignati
1213 1016 1329 1056 sunt,

213 1090 284 1129 ut,
317 1080 426 1118 armis
462 1077 678 1127 correptis,
728 1089 812 1115 eum
843 1078 1108 1124 obsecrarent,
1149 1085 1193 1115 ut
1225 1076 1331 1126 ipsos

210 1153 388 1191 adversus
421 1148 659 1187 Tiberienses
690 1149 856 1187 duceret.
910 1147 1051 1185 Interea
1074 1146 1218 1186 facinus
1238 1147 1331 1187 illud

211 1235 277 1272 per
306 1231 452 1259 omnem
487 1219 689 1257 Galilaeam
718 1218 994 1267 divulgabatur.
1047 1216 1330 1256 Conveniebant

211 1305 256 1332 ex
284 1291 449 1330 Galilaea
485 1288 592 1326 multi
625 1287 822 1335 undique,
850 1296 893 1325 ut
926 1288 1021 1325 duce
1054 1287 1224 1336 josepho
1260 1287 1331 1325 Ti-

209 1362 382 1401 beriaden
413 1359 583 1397 funditus
620 1357 801 1395 delerent.
854 1356 977 1395 Tanta
1011 1367 1094 1404 erga
1131 1368 1217 1395 eum
1250 1365 1330 1395 stu-

210 1432 269 1471 dia
302 1431 455 1469 fuerunt
487 1428 767 1474 Galilaeorum3
795 1427 918 1464 noluit
952 1435 1074 1465 autem
1104 1426 1187 1475 ipse
1224 1428 1322 1466 bello

207 1502 313 1544 civili
343 1510 488 1539 causam
529 1497 730 1546 praebere,
784 1495 1030 1543 quamobrem
1077 1507 1205 1533 eorum
1245 1496 1328 1534 ani·

210 1583 293 1612 mos
325 1571 450 1611 sedare
475 1575 631 1606 conatus
658 1574 740 1614 est,
768 1566 872 1614 quod
904 1573 941 1604 et
972 1566 1006 1603 ei
1038 1577 1217 1615 prospere
1239 1577 1326 1605 suc-

211 1643 340 1683 cessit.

253 1713 442 1763 Johannes
473 1717 617 1755 autem,
657 1719 742 1746 cum
784 1708 938 1746 insidiae
963 1714 1111 1755 sperato
1142 1718 1318 1746 successu

207 1782 440 1827 caruissent,
491 1779 705 1818 Gischalam
742 1777 880 1826 petiit,
933 1786 970 1815 et
1008 1777 1095 1815 inde
1145 1776 1322 1826 epistolas

203 1853 370 1904 Josepho
411 1849 535 1895 misit,
566 1848 703 1896 quibus
736 1847 935 1885 excusabat
964 1858 1059 1894 quae
1089 1846 1320 1894 acciderant,

210 1924 352 1972 quippe
391 1932 484 1968 quae
525 1928 667 1968 praeter
703 1929 805 1955 suam
845 1918 1075 1955 voluntatem
1109 1917 1231 1954 locum
1258 1917 1320 1955 ha-

207 1993 402 2036 buissent,
444 2000 604 2036 eumque
643 1986 787 2035 rogavit
815 1995 857 2024 ut
891 1996 936 2024 ne
971 1986 1135 2024 crederet
1169 1984 1322 2024 seditio-

211 2075 299 2102 num
332 2059 625 2110 suspicionibus,

255 2131 443 2182 Josephus
468 2138 587 2167 autem
622 2126 835 2165 Tarichaeis
872 2125 1008 2165 relictis
1040 2123 1231 2173 profectus
1262 2134 1317 2162 est

1228 2194 1319 2243 Sep·

193 2317 198 2328 ’Δ
253 2284 303 2320 (ι)
325 2285 373 2314 cs.
398 2283 427 2312 in
445 2281 505 2311 Vir.
522 2278 550 2319 ξ.
574 2283 765 2316 16,17‚18.
789 2279 866 2308 Bell.
887 2278 958 2316 Jud.
974 2278 1012 2307 11.
1035 2285 1082 2307 αι.
1106 2273 1134 2313 §.
1157 2278 1192 2306 6.
