1487 2703
147 200 198 247 56
358 174 1020 239 εοΜΜΕΝΤΛΤῙο

146 307 369 345 contrahens
404 309 449 344 de
475 307 705 356 obligatione
738 319 805 346 sua
828 318 1036 348 teneretur:
1066 321 1182 359 quum
1207 312 1255 350 ab

145 379 256 415 altera
286 386 412 424 parte,
439 378 513 416 nisi
539 379 611 416 hoc
644 375 783 416 factum
814 377 949 418 fuisset
965 408 979 428 ‚
1005 391 1150 430 semper
1168 392 1257 430 pro·

147 448 298 485 mittens
331 448 377 485 ab
409 447 639 497 obligatione
679 460 745 486 sua
778 450 947 487 recedere
982 458 1141 499 posset,
1186 450 1258 488 ini-

148 529 264 566 quum
301 517 425 556 dicens
459 529 500 555 se
534 529 580 555 ex
611 518 826 556 liberalitate
861 530 928 556 sua
962 520 1179 568 conveniri;
1207 520 1254 558 ab

145 589 258 626 altera
291 597 411 625 tamen
449 597 553 635 parte
582 589 672 626 tales
704 588 939 627 liberalitates
969 588 1042 636 iis,
1081 589 1119 627 in
1157 600 1256 637 quo-

145 669 227 695 rum
259 656 424 696 favorem
452 658 656 705 promissae
689 669 815 706 erant,
860 671 946 697 mox
983 659 1085 697 omni
1118 658 1256 697 effectu

142 728 367 774 destitutae,
419 727 517 767 haud
552 739 634 765 raro
673 739 800 776 magna
840 729 968 766 damna
1001 728 1131 766 afferre
1169 739 1257 777 pos·

140 805 240 835 sent.
295 797 450 845 Propter
476 798 540 835 has
564 798 702 846 igitur,
730 798 910 845 dicimus,
938 800 1098 837 rationes
1119 808 1194 836 erat
1217 808 1253 836 et

141 867 399 904 contractibus
434 867 604 914 gratuitis
628 879 738 905 causa
772 856 1011 917 obligationis
1047 869 1260 907 conceden-

143 936 214 982 da,
242 935 423 984 imprimis
453 965 488 983 ‚‚
516 948 601 974 cum
619 937 903 985 proniittens‚'’
931 949 972 976 ut
1000 939 1050 976 ait
1079 939 1257 977 Pufen-

142 1005 355 1043 dorfius
384 1005 479 1054 (1),
511 1034 542 1053 „
571 1016 700 1054 posset
727 1006 866 1054 inpune
900 1018 978 1045 non
1008 1008 1252 1055 promittere,

143 1103 174 1122 ‚‚
202 1086 324 1123 neque
363 1075 492 1113 debuit
527 1077 616 1113 alias
659 1077 819 1114 rationes
855 1077 972 1126 ipsius
1005 1078 1089 1116 fidei
1122 1089 1254 1125 super.

141 1173 173 1193 ‚,
202 1155 373 1194 struere,
401 1146 434 1184 si
459 1145 622 1194 perfecte
649 1147 800 1185 nolebat
827 1147 997 1197 obligari.
1025 1169 1080 1177 —
1101 1148 1197 1186 Nam
1209 1147 1254 1196 ‚”

144 1226 183 1255 ut
215 1219 362 1266 pergit,
405 1245 436 1264 „
464 1217 502 1254 in
537 1216 708 1255 beneficii
746 1217 943 1264 negatione
973 1218 1113 1256 tamdiu-
1151 1220 1251 1258 nulla

141 1314 173 1334 ‚,
201 1296 257 1324 est
283 1286 443 1335 injuria,
472 1287 647 1333 quamdiu
677 1287 722 1324 ad
755 1287 845 1324 illud
876 1288 1034 1324 dandum
1073 1289 1154 1325 sola
1184 1288 1254 1325 hu-

141 1383 173 1403 „
201 1355 386 1393 munitatis
419 1357 497 1404 lege
531 1356 616 1403 quis
650 1357 917 1405 adstringitur3
960 1368 1037 1394 non
1073 1357 1138 1394 ubi
1165 1369 1251 1406 pos-

140 1453 172 1473 „
199 1435 257 1463 tea
287 1438 352 1474 per
382 1427 609 1475 promissum
642 1427 704 1475 jus
736 1427 839 1464 alteri
871 1427 916 1464 ad
954 1426 992 1465 id
1037 1416 1246 1475 quaesitura

139 1524 171 1542 „
202 1494 327 1533 fuit.”
379 1497 439 1534 Ad
476 1496 547 1533 hoc
574 1505 694 1533 autem
730 1496 940 1541 consillum
968 1497 1107 1545 duplici
1135 1498 1248 1536 modo

139 1565 325 1614 perveniri
364 1575 535 1614 poterat3
565 1575 628 1602 aut
653 1566 792 1603 scilicet
823 1575 1038 1605 contractus
1069 1568 1252 1615 gratuitos

140 1638 281 1684 maguis
305 1636 602 1674 solemnitatibus
624 1636 918 1685 obstringendo‚
947 1638 984 1675 iu
1013 1638 1134 1686 iisque
1159 1638 1254 1676 obli-

140 1706 249 1754 gandi
283 1717 428 1744 causam
462 1707 664 1754 ponendo,
694 1709 797 1755 quod
822 1707 905 1745 ideo
933 1708 1055 1745 minus
1083 1720 1124 1747 se
1147 1720 1251 1748 com-

140 1777 362 1823 mendabat,
393 1776 567 1825 quoniam
594 1777 637 1814 iis
663 1778 759 1816 haud
786 1790 867 1816 raro
893 1778 1061 1816 homines
1091 1791 1110 1816 a
1137 1779 1249 1818 rebus

139 1848 308 1894 gerendis
341 1847 606 1885 absterrentur.
638 1867 688 1876 -·-
717 1851 819 1895 Aut,
859 1849 953 1887 duce
987 1850 1252 1888 Pothierio·

138 1916 217 1964 ipsa
244 1917 440 1955 liberalitas
470 1917 656 1956 sufficiens
689 1929 800 1955 causa
828 1918 1068 1967 obligationis
1097 1919 1251 1959 dicenda

137 1995 228 2024 erat.
291 1987 418 2035 Atque
452 1989 543 2026 lianc
573 1989 693 2036 viam,
747 1987 935 2027 meliorem
962 1989 1249 2038 existimantes,

136 2057 255 2095 secuti
289 2067 377 2095 sunt
406 2058 634 2106 legislatores
668 2060 814 2105 nostri,
847 2060 975 2106 quod,
1005 2069 1046 2097 ut
1079 2062 1249 2109 exemplo

139 2127 361 2182 probemus:
399 2137 497 2175 patet
532 2141 574 2166 ex
611 2127 766 2167 articulo
801 2128 956 2167 Codicis
985 2129 1121 2169 Civilis
1147 2133 1250 2180 938,

1176 2213 1250 2248 quo

177 2282 226 2317 (24
253 2284 288 2317 L.
314 2285 335 2317 l.
361 2282 387 2319 ζ.
409 2290 437 2317 9.
464 2282 491 2310 in
519 2282 588 2310 fixe.
