1544 2693
240 178 292 223 14
446 177 623 222 HERM.
657 177 682 220 J
687 176 778 221 OH.
813 177 1129 223 ΒΟΥΑἈΡιΒΒ

238 311 494 356 cissimavilla
522 310 758 368 Inquisiti03
790 312 931 356 saeviit
951 313 1137 358 Albanus
1158 313 1258 369 iste,
1288 323 1334 360 ut

236 386 419 440 arbores*
439 403 478 440 et
508 396 632 439 obvia
660 400 848 452 quaeque
889 397 1049 441 aedium
1083 397 1197 457 tigna
1220 398 1334 457 pati-

233 474 351 525 bulis
372 479 626 523 inservirent.
683 479 826 536 Neque
862 487 1000 524 tamen
1025 481 1079 526 ab
1097 482 1334 527 'imminenti

232 564 421 623 periculo
447 564 504 607 ita
540 562 620 607 sibi
654 563 855 607 timebant
885 564 961 618 illi,
996 581 1171 622 quorum
1205 565 1333 612 ardor

231 649 423 692 heroicus
448 654 487 691 et
511 647 614 692 fides
640 647 875 692 Christiana
895 649 977 694 hoc
998 649 1078 693 sibi
1094 646 1333 715 propos-ue*

229 739 341 775 rant:
374 730 492 775 dulce
520 739 581 775 est
606 746 686 790 pro
710 731 847 790 patria
869 732 979 775 mori
1001 733 1179 777 coelesti.
1227 734 1333 778 Nam

229 813 432 859 refer-'ente
456 815 602 858 eodem
628 814 802 868 Grofio,
839 832 864 859 ε(
879 823 976 874 post
997 817 1222 861 confiscata
1249 818 1333 862 ho-

231 915 255 942 «
273 898 430 942 minum
455 912 540 941 non
564 898 697 943 minus
720 906 883 943 centum
906 899 1050 953 millia,
1073 915 1121 944 ex
1137 916 1220 958 quo
1235 908 1332 946 ten-

229 985 429 1034 «tatum,
469 996 523 1025 an
559 990 701 1040 posset
729 966 968 1027 incendium
1002 984 1084 1028 hoc
1131 985 1329 1043 sanguine

226 1081 252 1109 ((
268 1064 491 1123 exstingui,
512 1073 628 1109 tanta
642 1067 861 1112 multitudo
875 1082 952 1127 per
968 1067 1174 1127 Belgicam
1191 1070 1333 1118 insu'r-

226 1165 251 1192 <r
267 1156 452 1202 rexerat,
482 1157 526 1193 ut
549 1150 719 1208 publica
740 1151 947 1197 interdum
969 1153 1193 1211 supplicia,
1219 1170 1330 1212 quo-

226 1251 252 1278 «
268 1233 343 1278 ties
364 1241 434 1277 aut
453 1234 722 1292 insigniores,
742 1238 811 1279 aut
827 1237 1076 1290 atrociores,
1098 1238 1326 1293 cruciatus,

223 1335 249 1361 (t
264 1317 464 1362 seditione
479 1318 824 1378 impedirentur.”
839 1320 886 1360 (5)
936 1321 1095 1367 Tantus
1109 1324 1192 1381 jam
1208 1324 1259 1368 A.
1271 1325 1326 1371 A.

224 1401 429 1459 religionis
451 1409 490 1445 et
509 1402 712 1446 libertatis
737 1404 951 1462 religiosae
976 1406 1103 1449 ardor
1123 1407 1165 1449 in
1187 1407 1330 1451 homi-'

222 1484 366 1528 nibus!
403 1484 566 1540 Quodsi
584 1499 683 1528 vero
704 1486 758 1528 ab
782 1500 831 1529 eo
854 1486 1125 1542 destitissent,
1140 1496 1330 1536 —testes

224 1568 305 1612 sint
328 1554 352 1611 a
375 1569 509 1612 fracto
534 1568 631 1612 inde
653 1569 820 1613 foedere
842 1571 1051 1615 Nobilium
1067 1572 1217 1631 Belgae
1235 1589 1329 1619 me-

212 1653 468 1706 Tidionales,
488 1678 534 1685 —
554 1654 672 1698 facile
696 1654 773 1698 sub
799 1654 1081 1714 Hispanorum
1110 1658 1327 1705 rediissent

224 1736 537 1791 auctoritatem,
571 1753 706 1794 neque
738 1738 956 1783 exstitisset
987 1741 1045 1784 ita
1072 1741 1327 1801 Respublica

224 1830 380 1866 nostra.
429 1823 486 1866 At
508 1836 606 1866 vero
639 1838 788 1879 quam,
816 1823 1022 1880 religionis
1054 1840 1196 1870 amore
1220 1828 1329 1887 ssag-

223 1913 385 1958 rantes,
414 1905 491 1950 sibi
517 1907 715 1964 petebant
738 1907 870 1950 cultus
893 1907 1146 1963 libertatem,
1177 1913 1326 1969 aequi-

222 2004 311 2033 rere
335 2004 419 2032 non
441 1996 657 2047 poterant,
677 1989 755 2032 nisi
771 1989 977 2034 vindicata
995 1992 1101 2036 civili
1118 1993 1320 2042 libertate.

220 2071 312 2117 Jam
336 2072 545 2130 religionis
566 2073 825 2132 profitendae
843 2074 971 2118 ardor
991 2076 1188 2133 originem
1213 2078 1325 2122 dedit

223 2156 495 2216 Reipublicae
516 2165 683 2203 nostrae
698 2190 708 2210 ‚
729 2172 819 2201 cum
847 2160 1012 2217 proavi,
1037 2161 1168 2205 aliena
1193 2162 1324 2207 desti-

223 2241 298 2285 tuti
340 2256 441 2300 ope,
483 2256 606 2285 unum
646 2241 847 2287 haberent
885 2259 982 2288 suae
1016 2246 1147 2302 gentis
1174 2255 1324 2305 patro-
