1487 2703
471 147 907 197 JURIDICA.
1199 168 1246 205 33

186 254 348 293 Primum
384 256 498 305 igitur
535 268 610 306 est,
664 268 705 298 ut
740 262 1003 301 nonnullorum
1059 264 1242 302 tradamus

139 323 387 365 definitiones.
415 348 470 357 —
493 328 643 368 Initium
675 330 830 370 facimus
857 345 876 370 a
911 332 1241 382 Toullieri0‚

139 393 204 440 qui
241 395 297 432 sic
321 396 370 433 ait
398 396 421 446 ζ
428 398 497 445 1):
526 425 557 445 ,,
585 399 669 437 Par
692 401 731 438 la
749 414 858 440 cause
879 402 992 441 d’une
1017 404 1241 454 obligatior),

137 489 168 510 „
198 478 243 502 ou
279 464 371 502 d’zm
397 477 571 516 contrat,
608 471 644 507 ·le
673 471 766 509 Code
797 473 932 511 entend
951 474 985 511 le
1019 475 1149 523 motis,
1175 476 1245 525 qui

136 559 168 580 „
196 533 397 573 determine
426 540 451 575 ἁ
473 540 582 584 faire
616 540 654 577 la
683 551 888 590 promente,
929 544 1026 593 qu’il
1056 546 1241 592 contient,

135 628 167 650 2,
194 605 227 642 le
250 610 438 657 pourquoi
472 609 540 647 elle
562 623 587 647 a
612 615 672 649 ete
684 612 803 660 faite.
819 612 844 628 ”

172 670 293 713 ‘Haud
326 679 482 716 multum
529 690 636 717 secus
679 681 1099 720 Delvincurtius
1144 683 1238 731 (2):

134 771 165 790 ‚,
194 744 252 782 On
292 747 427 785 entend
466 747 559 786 dans
597 758 703 787 notre
755 750 857 788 droit
905 761 981 801 par
1034 765 1142 790 cause
1189 754 1241 791 du

130 839 162 858 „
189 823 338 853 contrat
369 815 417 853 'ce
463 820 530 866 qui
578 817 780 857 determine
824 822 872 859 les
913 824 1059 872 parties
1099 824 1125 860 ἁ
1158 836 1241 861 con-

130 909 160 930 „
188 892 349 923 tracter.
365 885 390 903 ’³

176 954 320 993 Eodem
353 957 471 995 adhuc
505 959 617 996 modo
641 960 897 998 Merlinus
929 972 1005 1000 eam
1035 962 1125 1001 dicit
1146 963 1236 1013 (3):

128 1052 159 1072 ‚,
185 1037 225 1063 ce
247 1029 314 1076 qui
340 1027 456 1065 donne
479 1029 554 1066 lieu
583 1031 608 1066 ὰ
634 1030 864 1080 l'obligatt'on
891 1033 1028 1079 meme,
1054 1033 1088 1072 le
1107 1034 1238 1084 motis,

127 1101 168 1143 ‚,'
185 1099 251 1146 qui
271 1106 380 1147 porte
400 1101 427 1136 ὰ
461 1099 501 1136 la
530 1109 755 1139 contracter.
772 1100 798 1117 '⁹

174 1166 312 1216 Quaeri
347 1167 409 1205 hie
438 1169 536 1206 forte
574 1179 729 1217 posset,
783 1172 872 1219 quid
908 1173 1044 1212 laudati
1078 1175 1237 1224 scripto-

119 1247 179 1274 res
212 1248 280 1285 per
316 1239 427 1275 istum
466 1241 639 1277 motivum
669 1241 893 1280 intellectum
923 1243 1056 1283 velint.
1125 1247 1236 1284 Del·

119 1305 417 1346 vincurtius
443 1309 514 1346 hoc
541 1310 697 1347 ulterius
735 1322 811 1349 non
841 1313 1040 1361 explicuit.
1093 1316 1235 1355 Verisi-

119 1375 205 1413 mile
241 1376 410 1425 videtur,
451 1390 533 1416 eum
569 1379 635 1417 hac
681 1380 719 1418 in
756 1393 794 1419 re
835 1393 912 1420 non
954 1383 1176 1424 dissensisse
1213 1399 1232 1425 a

119 1443 444 1495 Toullierio‚
474 1461 582 1496 quem
609 1450 702 1488 nihil
727 1451 827 1490 aliud
846 1453 1092 1502 intellexisse,
1121 1468 1230 1504 quam

116 1527 263 1554 causam
297 1529 399 1564 eam,
442 1531 536 1567 quae
569 1521 826 1559 contrahentes
863 1523 908 1560 ad
936 1525 1228 1564 contrahendum

115 1583 285 1632 impulit,
323 1586 476 1624 dubium
510 1598 586 1630 non
614 1597 685 1626 est.

165 1654 339 1692 Fatemur
372 1656 547 1704 quidem,
584 1658 676 1696 hanc
699 1659 916 1698 sententiam
957 1673 1122 1712 magnam
1163 1666 1225 1704 ha-

112 1724 199 1762 bere
222 1724 388 1764 veritatis
420 1728 607 1775 speciem,
647 1740 688 1766 ac
726 1731 982 1778 grammaticae
1013 1735 1121 1774 vocis
1147 1736 1223 1785 sig-

110 1793 317 1833 nificationi
349 1797 545 1836 admodum
579 1810 661 1837 esse
692 1810 956 1848 congruentem
985 1804 1082 1853 (4);
1131 1815 1223 1845 atta·

1135 1888 1219 1916 men

142 1983 194 2020 (1)
215 1983 255 2012 L.
280 1984 303 2012 l.
329 1984 381 2013 n⁰.
410 1988 477 2015 166.

138 2039 190 2076 (2)
211 2041 251 2069 L.
275 2041 299 2068 l.
327 2048 393 2076 pag.
419 2051 485 2078 119.

141 2097 192 2134 (3)
215 2099 375 2134 Quesn'ons
390 2100 425 2127 ae
447 2100 564 2134 Drcft,
586 2100 617 2128 in
635 2109 729 2131 voce:
756 2105 870 2141 Cause,
892 2106 919 2142 §.
945 2116 970 2137 1.

143 2153 196 2191 (4)
216 2155 289 2184 Vid.
318 2157 544 2184 Dicrionnatre
584 2158 619 2185 de
654 2158 861 2199 I'Acadlmr'e‚
903 2164 933 2192 in
967 2173 1064 2194 voce:
1101 2175 1209 2203 cause,

101 2209 259 2247 principe,
279 2222 309 2240 ce
337 2215 392 2248 qui
409 2214 500 2250 fuit,
523 2214 630 2250 qu’une
656 2217 738 2244 chose
763 2225 821 2247 est·

100 2291 216 2320 ΡιΝτ.
639 2287 672 2323 C
