1544 2693
277 160 333 205 58
482 161 662 207 HERM.
693 162 720 206 J
725 162 816 208 OH.
853 163 1173 210 ROYAARDS

280 311 361 353 que
388 297 640 355 diligentiam
668 312 761 341 cum
802 297 847 340 in
885 298 1138 357 scriptorum
1175 300 1390 346 sententiis

279 381 575 435 discutiendis,
605 389 691 425 tum
714 382 754 424 in
782 382 883 440 legis
910 382 1093 428 articulis
1117 384 1225 429 bene
1248 385 1388 430 multis

276 465 630 525 interpretandis,
677 473 764 509 tum
801 466 844 509 in
883 468 1195 523 quaestionibus
1228 469 1388 514 exami-

278 549 454 602 nandis,
521 549 632 592 hane
668 557 753 593 tam
789 549 1038 594 laudabilem
1074 565 1164 596 esse
1203 552 1387 597 arbitra·

276 649 398 687 mur,
426 641 471 678 ut
501 634 688 693 praemio
719 646 862 678 carere
889 648 975 678 non
1005 634 1171 681 debeat.

335 718 462 775 Quod
498 717 695 775 judicium
723 732 816 761 cum
841 717 949 761 inter
978 717 1137 763 ordinis
1165 718 1391 764 Professo-

278 816 347 852 res
370 808 603 854 constaret‚
632 800 841 866 resi-gnata
870 801 1022 844 tabella
1049 801 1187 860 patuit
1212 815 1389 846 nomen:

489 896 833 941 Abrahamus
879 895 942 940 de
986 896 1175 949 Pinto‚

436 979 521 1009 Phil.
542 978 664 1008 Theor.
686 977 806 1008 Litter.
829 979 925 1008 Hum.
959 982 992 1008 et
1023 978 1113 1008 suris
1134 978 1226 1009 caud.

558 1033 592 1061 in
615 1032 786 1062 Academia
807 1031 1116 1070 Lugduno-Batava.

278 1112 363 1170 Qui
375 1144 388 1165 ,
419 1111 598 1169 legitime
634 1110 914 1168 interrogatus
929 1141 940 1163 ,
993 1108 1250 1155 auctoritatis
1293 1124 1392 1154 suae

279 1197 492 1241 veritatem
524 1193 796 1239 confirmavit.

336 1279 517 1325 Alterius
554 1277 742 1338 opusculi
790 1277 974 1337 scriptor
1016 1284 1212 1322 evocatus
1252 1291 1392 1336 appa-

278 1365 361 1410 ruit
375 1382 385 1408 :

279 1459 610 1518 Benjaminus
646 1456 904 1514 Georgius
935 1456 1159 1500 Adamus
1206 1457 1394 1512 Pabst‚

437 1542 525 1573 Juris
545 1541 636 1572 caud.
658 1541 691 1570 in
714 1540 884 1570 Academia
904 1538 1237 1579 Rheno-Trajectina.

335 1641 493 1700 Accipe
540 1653 751 1682 nummum
799 1637 911 1680 hunc
953 1651 1150 1689 aureum,
1196 1636 1394 1682 Ornatis-

281 1728 384 1772 sime
422 1726 484 1769 de
514 1724 701 1768 Pinto!
762 1722 839 1766 Est
864 1721 965 1765 illud
996 1721 1122 1765 hodie
1152 1720 1255 1765 mihi
1290 1736 1396 1781 per-

280 1809 507 1868 jucundum
538 1807 721 1851 officium
751 1805 978 1850 victoribus
1012 1805 1200 1864 praemia
1228 1805 1396 1850 tradere

280 1909 368 1940 non
400 1900 561 1938 tantum
598 1897 767 1934 nostrae
798 1889 1075 1942 Academiae,
1106 1889 1180 1933 sed
1205 1904 1305 1933 vero
1333 1889 1401 1934 si-

282 1979 368 2023 mul
405 1992 497 2023 cum
531 1974 768 2027 Leidensis,
800 1981 887 2017 tum
925 1973 1223 2031 Groninganae
1259 1974 1395 2017 alum-

282 2064 359 2108 nis.
417 2059 714 2117 Adstringatur
737 2057 794 2100 ita
819 2056 1026 2100 vinculum
1054 2057 1098 2100 in
1124 2056 1265 2101 Patria
1291 2071 1397 2101 nos-

283 2154 350 2190 tra
379 2145 488 2188 inter
526 2149 696 2186 cunctas
724 2139 994 2184 Academias!
1055 2140 1288 2186 Aemulatio
1315 2141 1397 2185 ad..

285 2237 374 2274 esto
415 2228 591 2272 honesta
627 2232 753 2281 atque
792 2224 966 2268 decora!
1040 2224 1106 2268 Tu
1140 2238 1238 2269 vero
1265 2225 1396 2269 almae
