1487 2703
389 193 903 242 LITERARIA
1160 199 1210 238 π

103 313 276 362 majorem
313 309 447 348 habere
485 306 767 353 auctoritatem,
819 302 907 352 quia
950 313 1008 340 res
1053 298 1215 348 explicat

105 382 180 422 sibi
213 380 443 420 n0¹issimas.
500 378 562 417 Sic
602 375 849 420 Herodotus,
891 371 1038 420 quando
1078 370 1216 407 bellum

104 452 292 492 Persicum
324 449 532 496 describit,
565 445 830 496 Thucydides,
858 442 1007 491 quando
1039 441 1084 480 de
1121 439 1221 477 bello

106 523 427 573 Peloponnesiaco
471 520 547 567 agit
568 545 582 565 ,
633 515 874 564 Xenophon,
928 511 1076 560 quando
1128 507 1227 558 Cyri

109 594 382 644 expeditionem
425 598 592 636 enarrat,
644 587 818 636 maiorem
858 590 1046 622 merentur
1085 581 1228 627 fidem,

111 676 220 714 quam
259 663 350 710 alii,
380 661 510 710 quiea
541 669 634 707 quae
656 665 758 705 gesta
790 662 903 700 sunt,
943 652 1024 691 sive
1052 650 1232 698 tempori-

115 737 189 775 bus
228 731 534 782 antiquioribus,
569 730 628 767 vel
663 725 879 775 regionibus
909 723 1026 770 magis
1053 721 1231 767 remotis,

111 806 192 846 aliis
220 811 401 843 enarrant.
429 822 483 831 --
504 798 671 849 Josepho
710 796 854 845 igitur,
893 793 958 840 qui
993 791 1120 829 multis
1158 790 1236 838 egit

114 877 161 915 de
196 876 269 923 iis,
323 884 417 921 quae
454 871 495 909 in
536 869 701 909 Galilaea
738 875 828 904 tunc
855 863 1049 912 temporis
1095 860 1237 900 accide-

116 954 237 994 runt,
272 943 429 982 maxime
461 939 634 990 profuit,
687 937 739 976 ibi
775 947 852 974 non
891 934 1005 972 modo
1039 931 1235 979 adfuisse,

117 1028 249 1057 verum
277 1015 385 1053 etiam
418 1013 505 1050 huic
545 1008 688 1059 regioni
717 1007 940 1057 praefuisse.

171 1087 271 1126 Sunt
311 1084 376 1133 qui
410 1083 534 1122 dicant
565 1079 722 1130 Josephi
757 1077 1012 1116 conditionem
1052 1074 1092 1113 in
1133 1073 1244 1112 Gali·

121 1159 199 1197 laea
229 1154 506 1200 difficillimam,
550 1162 657 1199 quam
690 1150 787 1197 Cap.
822 1148 855 1187 I.
893 1149 929 1197 §.
961 1157 1002 1193 4.
1043 1142 1245 1191 descripsi-

125 1239 239 1275 mus,
266 1224 380 1274 magis
405 1224 439 1261 ei
468 1221 639 1260 obfuisse
671 1230 780 1267 quam
811 1217 1013 1266 profuisse.
1063 1215 1211 1254 Munus
1229 1240 1244 1260 ,

126 1298 259 1343 aiunt,
286 1306 372 1334 eum
400 1293 450 1331 ita
480 1290 795 1341 praeoccupavit,
822 1297 865 1327 ut
900 1296 1090 1335 perversas
1123 1295 1247 1323 rerum

130 1378 314 1420 gestarum
348 1364 525 1404 notiones
561 1369 764 1411 proponat.
818 1358 918 1396 Hinc
953 1366 1155 1404 numquam
1188 1354 1251 1392 ¹in-

130 1442 229 1481 dicat
261 1447 441 1486 quaenam
477 1433 549 1472 sibi
585 1433 635 1471 sit
667 1442 752 1470 vera
781 1430 933 1478 politica
964 1425 1155 1475 cogitandi
1192 1435 1250 1462 ra·

130 1511 213 1558 tio,
239 1519 400 1555 namque
434 1505 547 1544 modo
583 1501 719 1552 populi
755 1499 943 1546 libertati,
970 1497 1084 1535 modo
1110 1494 1252 1542 Agrip-

133 1586 205 1631 pae
231 1577 436 1629 potestati,
475 1574 588 1614 modo
633 1572 891 1611 Romanorum
927 1565 1172 1606 dominationi
1193 1562 1256 1602 >fa-

137 1651 242 1690 visse
265 1649 425 1687 videtur.
479 1645 605 1694 HuJ'us
644 1642 697 1680 rei
729 1651 877 1679 causam
902 1638 942 1677 in
975 1643 1256 1684 eoquaerunt,

138 1720 245 1770 quod
281 1716 447 1757 conditio
487 1714 572 1764 ipsa
602 1710 759 1763 Josephi
794 1718 872 1748 erat
903 1718 976 1747 tam
1004 1706 1188 1753 difficilis,
1215 1713 1259 1743 ut

141 1790 256 1829 modo
306 1786 512 1833 Romanis,
566 1783 680 1822 modo
716 1781 860 1830 populo
897 1777 1022 1817 favere
1054 1777 1257 1815 videretur.

135 1860 326 1912 Quamvis
355 1858 471 1896 multa
503 1856 639 1894 horum
670 1858 972 1900 argumentorum
1005 1858 1138 1896 negare
1165 1845 1263 1884 noli-

140 1943 257 1981 mus,
285 1939 321 1968 et
353 1940 437 1967 eum
473 1938 585 1981 suam*
613 1935 736 1964 veram
770 1921 957 1971 politicam
988 1916 1175 1967 cogitandi
1208 1928 1264 1954 ra-

148 2004 289 2042 tionem
334 1999 495 2038 indicare
534 2007 612 2034 non
648 1994 897 2040 affirmemu53
953 1989 1121 2038 quamvis
1156 1986 1263 2025 etiam

151 2081 281 2113 nostra
316 2070 365 2109 sit
397 2067 528 2117 opinio
567 2063 794 2104 conditIOnis
838 2061 1086 2100 difficultatem
1127 2059 1160 2096 ei
1200 2057 1267 2095 ob-

146 2145 291 2191 fuisse,
344 2152 420 2179 non
461 2138 609 2188 quidem
650 2136 690 2173 in
731 2133 843 2173 rebus
883 2131 990 2170 factis
1029 2128 1268 2174 enarrandis,

157 2214 223 2254 sed
258 2214 385 2262 potius
421 2211 460 2248 in
498 2209 609 2247 modo
644 2217 720 2254 quo
744 2215 805 2243 eas
829 2201 1032 2251 proponit:
1074 2209 1269 2238 censemus

162 2293 281 2324 tamen
317 2282 350 2321 ei
380 2292 488 2328 quam
525 2277 680 2318 maxime
718 2273 906 2324 profuisse
941 2271 1049 2320 *quod
1070 2278 1159 2309 tunc
1182 2277 1273 2307 tem-

1204 2349 1275 2387 w*
