1487 2703
246 191 293 216 αα
467 174 1126 216 COMMENTATIO

245 286 408 334 accipere
452 285 608 334 nequit,
663 284 738 323 nisi
773 286 895 323 eadem
940 284 1072 325 forma.
1126 287 1346 335 Caeterum,

247 356 349 403 quod
381 355 425 392 ad
459 355 638 393 actionem
673 355 855 394 nuliitatis
894 355 1053 404 attinet,
1094 356 1187 394 idem
1223 356 1350 403 vaiet,

247 425 351 471 quod
373 425 483 462 modo
506 426 551 462 de
574 425 780 463 minoribus
812 424 971 463 diximus
999 425 1084 474 (ι).
1111 442 1168 450 --
1194 425 1294 462 Olim
1316 424 1354 462 in

247 495 398 532 Francia
440 506 547 533 secus
581 494 681 542 fuit,
705 504 741 532 et
774 495 899 543 potuit
937 495 1066 532 mulier
1089 502 1205 543 nupta
1232 505 1354 542 neque

248 574 291 601 se
326 564 406 602 aliis
434 575 554 613 neque
588 565 680 602 alios
718 565 793 602 sibi
818 565 1006 614 obligare,
1037 565 1209 612 quoniam
1236 565 1354 602 mino—

247 645 329 670 rum
368 644 580 672 contractus
611 633 706 672 nulli
743 642 830 672 sunt
874 634 911 672 in
957 635 1124 683 ipsorum
1172 634 1357 673 minorum

247 701 438 752 favorem,
475 704 666 742 mulierum
701 716 788 742 vero
823 704 991 753 inprimis
1021 705 1059 743 in
1088 702 1253 743 favorem
1284 706 1359 741 ma-

248 771 311 809 riti
342 773 378 810 in
414 774 569 822 ejusque
611 774 808 822 potestatis
846 774 1084 813 reverentiam
1126 775 1220 824 (2);
1262 781 1356 822 quae

248 843 415 880 doctrina
450 852 549 881 recte
577 843 751 892 abrogata
775 843 924 882 videtur
954 845 1111 891 codice,
1138 845 1203 881 hac
1236 852 1357 881 tamen

248 912 481 950 restrictione
515 922 681 960 retenta,
709 914 812 961 quod
835 922 871 952 et
893 914 1045 952 maritus
1074 924 1150 952 eam
1176 911 1357 951 actionem

247 980 380 1018 habeat
406 982 492 1032 (3).

301 1051 436 1088 Decem
463 1052 549 1089 anni
573 1052 716 1089 ratione
741 1052 861 1089 mariti
887 1060 1043 1089 currunt
1069 1051 1114 1088 ab
1145 1049 1240 1088 inito
1272 1059 1363 1087 con-

250 1129 395 1167 tractu,
420 1122 562 1158 ratione
586 1121 748 1159 mulieris
768 1123 924 1171 eJusque
945 1122 1120 1159 heredum
1134 1132 1154 1157 a
1177 1119 1361 1157 dissoluto

253 1191 486 1228 matrimonio
514 1191 601 1241 (4).
652 1186 655 1189 ’

302 1274 341 1308 4.
371 1261 544 1308 Denique
581 1270 694 1308 sunt,
743 1272 840 1308 quos
881 1262 941 1298 lex
987 1267 1109 1297 certos
1148 1264 1359 1296 contractus

253 1330 343 1367 inire
380 1330 567 1377 prohibet.
595 1355 653 1363 —
679 1330 905 1378 Exemplum
935 1339 991 1366 est
1023 1330 1061 1366 in
1088 1329 1249 1365 emtione
1273 1337 1363 1363 ven-

252 1398 392 1435 ditione
425 1398 520 1435 inter
553 1400 732 1447 conJ’uges
767 1399 882 1437 vetita
911 1399 1079 1448 (5),-et
1105 1398 1178 1435 huc
1202 1395 1363 1434 referen-

1300 1467 1363 1504 das

254 1569 301 1596 tit.
321 1570 398 1598 eod.
420 1571 458 1598 de
478 1570 575 1598 Meth.
594 1578 678 1604 proc.
697 1570 727 1597 in
747 1570 814 1598 reb.
836 1569 904 1599 Civ.
922 1589 932 1605 ,
951 1569 1001 1597 cui
1018 1568 1211 1597 inscribitur:
1231 1569 1362 1596 Autorn'-

253 1627 354 1653 sarion
375 1626 409 1653 da·
425 1627 456 1653 la
471 1627 581 1661 femma
603 1627 738 1663 marile,
760 1627 846 1662 (artt.
867 1627 1049 1662 861—864.)

294 1681 344 1718 (ι)
365 1683 413 1710 ef.
432 1690 458 1710 a.
475 1683 512 1713 C.
533 1685 570 1712 C.
594 1691 678 1716 ¹125.

293 1737 344 1772 (ε)
367 1740 422 1768 cff.
447 1740 577 1775 Potin,
599 1742 660 1769 1.1.
679 1741 730 1768 ΠΟ.
749 1749 795 1773 52-
837 1740 895 1767 Me
907 1741 969 1774 r1.‚
999 1741 1066 1768 1.1·
1086 1747 1150 1774 par.
1167 1750 1197 1776 4.
1215 1750 1263 1761 -
1282 1739 1360 1767 Adel.

255 1797 327 1822 Del
341 1804 392 1831 v.‚
416 1798 435 1826 l.
453 1797 473 1824 1.
493 1797 581 1824 Tom.
605 1797 630 1825 1.
648 1804 715 1831 pag.
736 1803 812 1833 394,
834 1799 998 1833 396-399.

294 1853 346 1886 (3)
369 1852 410 1881 Cf
436 1860 462 1880 a.
482 1854 519 1881 C.
538 1855 573 1881 C.
595 1859 662 1884 225.

294 1908 345 1945 (4)
365 1909 414 1937 cf.
445 1909 645 1943 Delvinc„
674 1911 697 1937 Ι.
725 1910 748 1937 1.
776 1910 814 1938 Τ.
839 1909 895 1939 VI.
927 1916 994 1943 pag.
1029 1910 1078 1938 6„
1096 1908 1191 1943 Nam,
1227 1910 1365 1944 quamvis

256 1967 329 1993 haec
347 1965 501 1993 distinctio
521 1966 643 2000 quidem
659 1974 720 1995 non
739 1966 911 1994 inveniatur
929 1965 960 1993 in
978 1972 1033 1994 art.
1047 1974 1132 2001 1304.
1144 1985 1153 2000 ,
1170 1965 1246 1994 nulli
1264 1973 1364 1995 tamen

257 2022 423 2050 dubitamus
451 2030 515 2050 eam
539 2023 719 2055 admittere,
741 2023 883 2057 quoniam
908 2023 1005 2059 ratio,
1026 2030 1081 2051 cur
1106 2029 1221 2057 tempus
1246 2023 1365 2051 demum

259 2086 357 2106 currat
375 2087 390 2106 a
407 2079 554 2107 dissoluto
573 2078 783 2114 matrimonio,
805 2087 918 2108 tantum
934 2087 994 2115 est,
1018 2079 1101 2114 quod
1120 2086 1206 2107 antea
1231 2079 1267 2107 ab
1290 2087 1366 2108 uxo·

259 2144 291 2163 re
311 2135 428 2164 institui
446 2143 597 2171 nequeat;
620 2144 676 2170 qua
693 2137 808 2166 iatione
826 2136 857 2165 in
875 2136 981 2166 marito
999 2143 1133 2169 cessante
1149 2156 1158 2171 ,
1179 2143 1274 2165 cessat
1290 2144 1367 2172 quo-

265 2200 324 2231 que
349 2192 485 2221 effecius.

302 2250 354 2284 (ς)
376 2249 422 2278 Cf.
448 2260 472 2279 a.
501 2251 534 2277 C.
553 2252 587 2279 C.
612 2257 688 2285 5:195.
