1487 2703
203 194 248 240 58
412 185 1081 227 COMMENTA'rio

201 311 247 337 na
289 297 361 336 fuit
399 296 536 335 civium
571 296 716 342 clades,
770 296 876 334 multi
910 306 956 335 ex
982 295 1132 346 Judaeis
1169 295 1313 344 vitam,

202 367 312 406 multi
344 365 550 407 libertatem
587 365 806 404 amiserunt.

252 437 500 475 Vehementer
543 435 582 473 in
617 445 745 474 omnes
791 436 932 474 incolas
977 435 1056 474 sine
1103 436 1317 476 discrimine

202 508 383 546 saevitum
413 515 494 554 est3
527 506 748 553 tandemque
778 505 1031 554 Vespasianus
1069 505 1197 544 urbem
1229 504 1318 545 fun·

203 579 303 617 ditus
333 577 429 615 dirui
451 578 566 627 J'ussit
601 585 636 614 et
669 576 817 613 castella
846 574 969 613 omnia
992 576 1155 614 incendit
1183 575 1267 625 (1).

252 647 414 688 Romani
439 655 588 693 autem,
613 645 768 695 Jubente
798 645 1058 694 Vespasiano,
1087 645 1210 685 omnia
1237 656 1321 694 per·

204 726 412 760 scrutantes
457 726 642 765 nusquam
675 715 885 765 Josephum
931 716 1100 756 invenire
1130 723 1319 765 poterant.

201 791 270 828 Ille
305 789 423 835 enim,
464 787 556 829 urbe
586 788 662 837 jam
701 796 834 836 capta,
877 787 915 825 in
946 795 1101 835 puteum
1138 786 1320 834 quendam

204 858 434 909 profundum
463 858 561 897 saltu
593 858 860 905 descenderat,
894 858 1002 907 quus
1037 868 1058 894 a
1091 857 1204 895 latere
1237 865 1324 905 spe·

204 941 272 969 cus
309 931 472 978 amplum
508 929 735 977 disjunctum
770 936 873 975 erat,
911 927 1015 975 quod
1059 937 1216 972 eorum,
1257 923 1324 972 qui

204 1011 318 1050 supra
346 1009 472 1045 erant,
500 997 634 1047 effugit
664 997 858 1044 intuitum.
908 995 966 1034 Ibi
993 1007 1079 1034 cum
1105 993 1325 1043 quadragin-

206 1081 243 1109 ta
272 1083 292 1108 e
331 1068 538 1119 praecipuis
573 1067 677 1107 urbis
714 1066 871 1115 incolis,
906 1076 973 1114 per
998 1064 1152 1113 aliquod
1176 1072 1325 1113 tempus

204 1141 333 1189 degit3
387 1140 453 1178 sed
487 1138 596 1178 tertio
636 1138 694 1176 die
722 1150 743 1176 a
777 1135 931 1176 muliere
959 1136 1115 1184 quadam
1149 1134 1325 1184 proditus

205 1220 264 1250 est
290 1211 372 1260 (2).
425 1208 681 1258 Vespasianus
697 1236 712 1256 ,
736 1208 844 1258 cujus
871 1207 1031 1245 multum
1065 1206 1239 1244 intererat
1257 1204 1326 1254 Jo-

205 1283 363 1331 sephum
398 1281 436 1321 in
463 1291 567 1318 suam
598 1278 732 1317 habere
761 1285 1009 1325 potestatem,
1038 1275 1073 1314 ei
1100 1275 1200 1314 misit
1228 1274 1325 1313 duos

205 1354 377 1400 legatos,
402 1351 530 1400 jussos
563 1349 713 1388 dextras
751 1347 922 1396 (signum
948 1346 1074 1396 pacis)
1107 1345 1142 1384 ei
1165 1343 1325 1394 offerre,

205 1421 421 1468 hortarique
465 1431 549 1458 eum
592 1427 634 1456 ut
676 1418 904 1456 escenderet.
981 1416 1055 1455 Sed
1089 1414 1326 1463 suspiciones

204 1491 381 1539 quasdam
405 1489 598 1538 suscepit,
621 1489 739 1527 donec
758 1486 1013 1535 Vespasianus
1035 1485 1187 1523 tertium
1210 1494 1328 1532 quen·

206 1561 286 1598 dam
305 1588 317 1607 ‚
344 1559 501 1599 amicum
528 1557 712 1610 Josephi,
739 1556 772 1595 ei
811 1555 989 1594 misisset.
1043 1554 1160 1593 Hicce
1197 1553 1327 1594 multis

205 1631 330 1669 verbis
365 1629 535 1670 laudabat
579 1628 835 1666 Romanorum
877 1637 962 1674 erga
997 1624 1119 1664 victos
1161 1624 1330 1663 humani·

205 1710 315 1741 tatem
332 1729 346 1748 ‚
371 1700 481 1748 eique
506 1697 725 1747 Vespasiani
750 1695 1040 1735 benivolentiam
1064 1694 1206 1744 pulcris
1234 1694 1325 1732 adeo

205 1773 398 1811 coloribus
436 1769 630 1819 depinxit,
670 1777 711 1805 ut
749 1767 940 1817 josephus
977 1765 1118 1804 diutius
1155 1764 1327 1804 resistere

205 1854 285 1882 non
323 1851 470 1890 posset.
546 1838 708 1880 Videtur
748 1846 869 1875 autem
903 1836 1042 1874 hancce
1073 1845 1178 1885 suam
1213 1844 1324 1883 agen·

209 1913 248 1952 di
287 1912 463 1954 rationem
505 1920 583 1953 non
617 1911 724 1957 plane
765 1907 924 1956 probare
963 1906 1163 1955 potuisse,
1216 1916 1325 1952 quam

211 1984 260 2022 ob
297 1994 372 2021 rem
403 1981 618 2031 religionem
658 1988 694 2017 et
733 1976 907 2034 vaticinia
947 1985 1071 2016 vetera
1106 1984 1143 2014 et
1182 1976 1326 2013 somnia

1232 2057 1325 2094 quae

251 2164 303 2199 (1)
323 2162 373 2191 Cf.
398 2162 476 2190 Bell.
492 2161 565 2198 Jud.
582 2160 636 2190 111.
658 2165 689 2192 7.
709 2154 739 2195 §.
765 2167 810 2194 19.
831 2166 898 2193 sqq.
923 2159 1039 2187 Haecce
1065 2157 1094 2186 in
1121 2157 1225 2193 primis
1250 2165 1323 2187 con-

213 2220 346 2248 ferantur
369 2226 402 2247 ut
424 2226 477 2251 ras
496 2226 511 2246 a
538 2215 684 2246 Romanis
710 2215 874 2244 crudeliter
897 2222 1000 2251 gestae
1024 2222 1156 2252 pateant.

252 2277 304 2313 (2)
328 2277 375 2306 cf.
394 2277 472 2305 sein
492 2269 562 2311 Jn'd.
578 2275 626 2303 111.
649 2278 677 2303 a.
700 2271 730 2311 ς.
757 2282 780 2303 1.
