1544 2693
235 120 291 165 24
443 117 620 162 HERM.
651 117 677 161 J
683 117 774 161 011.
809 116 1123 161 ROYAARDS

239 252 364 298 coluit
393 250 711 309 religiosissime.
770 250 986 308 Reputetis
1020 266 1136 304 eum,
1164 265 1187 293 a
1209 264 1334 293 manu

240 337 414 381 scelesto
441 335 697 379 vulneratum
730 332 962 390 mortique,
998 334 1054 377 uti
1090 333 1337 386 videbatur,

242 417 497 478 proximum,
524 415 754 459 homicidae
779 415 965 469 veniam,
992 424 1189 473 quantum
1209 415 1254 458 in
1269 415 1341 474 ip-

244 515 292 545 so
311 507 423 553 erat,
449 499 715 555 largientem3
750 499 971 542 constituta
1005 507 1136 544 autem
1158 497 1342 542 hominis

243 583 391 627 nefarii
410 596 569 642 poena,
597 583 650 625 ad
677 581 981 638 Aldegondium
1004 582 1275 635 scribentem,
1298 587 1345 624 ut

243 682 405 727 poenae
451 667 509 710 vis
551 666 872 710 imminueretur.
936 667 991 710 At
1031 679 1154 717 ver0,
1195 665 1347 708 iterato

244 759 391 811 postea
417 766 439 794 a
464 750 707 794 Balthasare
748 749 932 793 facinore
950 782 961 803 ‚
996 749 1184 808 pietatis,
1223 763 1348 805 quam

248 835 400 888 coluit,
429 848 566 878 nonne
594 833 867 876 moribundus
893 833 1185 877 documentum
1223 831 1350 876 edidit

247 917 533 976 gravissimum
569 916 744 968 ultimis,
784 915 933 972 quibus
967 916 1075 959 vitae
1109 915 1232 959 finem
1268 914 1352 958 im-

245 999 415 1058 posuit,
459 998 622 1042 verbis:
657 1002 719 1040 mi
750 1000 904 1041 Deus!
929 1001 1146 1041 miserere
1174 1001 1352 1041 animae

249 1089 398 1125 meae!
428 1085 491 1124 mi
503 1084 658 1123 Deus!
676 1084 892 1123 miserere
908 1083 1350 1138 afflictipopuli(15>?

249 1165 412 1222 Quibus
439 1164 557 1208 editis
584 1164 637 1206 ad
666 1163 874 1214 beatiores
908 1165 1070 1210 transiit
1099 1165 1243 1218 sedes,
1281 1179 1356 1209 ve—

251 1263 322 1292 rae
353 1246 515 1306 pietatis
548 1246 758 1290 scholam!

315 1498 532 1555 Expressit
568 1497 625 1540 ita
668 1497 832 1540 Patriae
875 1504 995 1554 pater
1029 1497 1162 1554 gentis
1193 1505 1360 1542 nostrae

259 1582 534 1641 pietatem,
570 1595 655 1624 non
677 1582 856 1624 fucatam
884 1579 1024 1633 illam,
1050 1595 1184 1637 neque
1212 1596 1363 1640 super-

261 1666 490 1718 sffliosam,
527 1666 600 1709 sed
632 1679 884 1723 germanam.
959 1664 1097 1722 Quam
1122 1680 1236 1709 —vero
1271 1665 1364 1724 ipse

265 1748 416 1799 coluit,
450 1748 559 1792 hanc
589 1750 641 1791 in
670 1748 777 1792 eius
806 1747 985 1791 amicis
1018 1756 1065 1792 et
1097 1749 1258 1794 sociis
1280 1764 1365 1794 non

266 1833 401 1876 minus
426 1831 691 1875 advertimus.
754 1831 1061 1875 Dominabatur
1092 1832 1200 1876 enim
1234 1833 1368 1891 pietas

266 1917 336 1960 illa
367 1922 499 1959 aetate
531 1914 640 1958 inter
668 1921 889 1959 nostrates.
952 1914 1027 1959 Uti
1054 1922 1187 1959 autem
1211 1917 1255 1960 in
1280 1917 1369 1961 aliis

268 2001 347 2046 alia
385 2015 473 2044 esse
514 2000 618 2043 solet
648 1999 814 2058 pietatis
856 2000 1108 2044 exercendae
1148 2002 1280 2055 ratio,
1322 2017 1370 2048 ex

268 2099 352 2129 uno
371 2084 600 2140 codemque
618 2083 825 2142 principio
855 2083 1002 2136 ducta,
1031 2083 1086 2126 ita
1111 2084 1220 2127 hanc
1233 2085 1372 2129 homi-
1401 2119 1404 2122 .

269 2183 365 2214 num
398 2167 637 2211 varietatem
674 2166 716 2209 in
743 2166 806 2209 his
837 2166 937 2224 ipsis
971 2166 1232 2212 advertimus.
1281 2169 1373 2212 No·-

1484 2427 1491 2433 ι

1529 1979 1537 2508 ψμ--ἢψρε-..ι
