1544 2693
235 117 283 153 72
459 105 1116 148 coMMENTATto

231 214 425 261 pluribus,
452 215 663 253 consociato
697 215 821 253 labore
855 216 892 253 in
930 217 1095 255 docendo
1132 220 1336 267 occupatis.

235 284 310 323 Ubi
341 282 420 322 bini
443 284 526 322 sunt
554 286 611 322 vel
639 285 752 331 trini,
781 288 854 323 una
885 286 922 323 in
958 288 1043 324 aede
1068 287 1190 333 sacra,
1218 287 1338 326 diver-

231 352 278 391 fis
309 353 380 390 diei
416 353 592 390 dominici
625 354 754 401 horis,
796 356 965 393 homilias
1004 357 1203 404 habentes,
1246 369 1338 405 quo-

233 433 314 459 rum
342 433 438 460 unus
475 422 611 469 hodie,
639 423 729 460 alter
759 435 846 471 post
875 425 1014 462 dierum
1045 425 1335 473 hebdomadem,

230 490 362 528 tertius
393 500 482 539 post
516 484 793 538 quatuordecim
823 493 925 541 dies,
953 495 1113 542 aliquam
1149 495 1337 534 doctrinae

231 560 463 598 Christianae
501 569 638 609 partem
678 563 858 610 exponit,
909 564 1057 611 quando
1107 575 1336 603 communem

228 629 433 677 sequuntur
467 632 662 679 ordinem,
691 633 923 671 auditoribus
955 635 1099 682 copiam
1134 634 1336 683 praebent,

226 698 367 747 fingula
401 701 512 738 huius
551 703 739 740 doctrinae
771 704 890 752 capita
929 712 1013 752 apte
1054 713 1335 753 coagmentata,

227 770 317 808 serie
335 781 412 809 non
431 771 662 820 interrupta,
689 773 910 821 excipiendi.
948 773 1089 823 Quodsi
1118 786 1204 812 vero
1230 774 1334 812 suum

225 838 355 888 singuli
382 840 587 888 sequuntur
627 843 821 891 ordinem,
865 843 933 881 tria.
970 844 1092 881 coetui
1121 845 1220 881 sacro
1249 856 1336 891 pro-

225 918 420 956 ponuntur
451 910 674 958 systemata,
703 923 862 958 quorum
896 922 1017 959 partes
1043 911 1225 958 diversae,
1252 913 1333 950 aliis
1355 914 1358 918 ’

225 978 424 1016 identidem
462 980 664 1017 interiectis
699 980 932 1028 disiunctae,
975 993 1150 1028 perquam
1181 981 1335 1019 difficul-

224 1059 280 1087 ter
311 1050 488 1098 coniungi
527 1050 683 1098 possunt
713 1051 758 1088 ab
776 1051 1033 1089 auditoribus.
1103 1051 1214 1090 Unde
1258 1061 1334 1088 non

221 1128 348 1168 potest
382 1130 458 1156 non
503 1119 593 1157 oriri
631 1120 862 1168 perturbatio
892 1131 925 1158 et
955 1119 1123 1158 confufio
1151 1122 1186 1158 in
1215 1122 1334 1159 addis·

225 1189 340 1227 cenda
365 1190 594 1236 tenendaque
629 1190 797 1228 doctrina
826 1191 1053 1229 Christiana.
1106 1192 1223 1229 Mitto
1254 1190 1332 1229 sen-

225 1259 423 1296 tentiarum
474 1269 663 1307 pugnam,
718 1271 811 1306 qnae
858 1259 1030 1298 facillime
1078 1260 1200 1297 existit
1239 1261 1333 1298 inter

224 1339 398 1366 coetuum
436 1329 655 1374 Antistates,
710 1341 869 1376 quorum
920 1330 1088 1378 partibus
1139 1329 1330 1368 contrariis

220 1410 306 1436 mox
335 1398 405 1436 sese
430 1399 604 1437 addicunt
634 1398 832 1437 sectatores
862 1400 1012 1447 plebeii.

275 1468 363 1518 Quo
395 1477 513 1505 autem
549 1470 673 1516 plures
697 1468 808 1515 sunt,
846 1480 921 1505 nno
955 1469 993 1506 in
1024 1478 1163 1516 coetu,
1192 1470 1336 1508 Docto·

224 1549 309 1584 res,
336 1537 495 1575 vicissim
534 1540 571 1574 in
603 1538 672 1575 alia
713 1546 823 1585 atque
859 1538 928 1576 alia
959 1540 1044 1576 aede
1079 1538 1175 1577 sacra
1197 1539 1334 1577 doctri-

224 1597 305 1645 nam
331 1607 577 1645 Christianam
611 1595 888 1654 praedicantes,
918 1619 961 1645 eo
990 1608 1104 1656 magis
1131 1609 1241 1646 ‘utilis
1265 1608 1333 1646 erit

223 1678 432 1715 communis
455 1686 492 1715 et
519 1680 724 1725 perpetuus
752 1679 870 1724 ordo,
902 1690 1008 1724 quem
1031 1679 1154 1715 cuncti
1181 1679 1332 1725 sequan-

223 1756 297 1784 tur.
357 1746 446 1796 Quo
474 1748 670 1794 neglecto,
707 1758 750 1784 eo
778 1748 885 1785 etiam
919 1748 1034 1785 maior
1064 1748 1132 1785 erit
1165 1748 1332 1788 confufio

222 1816 382 1863 partium
428 1817 519 1853 male
563 1816 834 1854 cohaerentium
870 1818 969 1864 apud
1002 1819 1214 1865 auditores,
1267 1821 1333 1868 qui

221 1885 382 1933 plurIum
432 1886 701 1924 Homiletarum
755 1886 984 1926 institutione
1033 1887 1109 1926 frui
1155 1891 1294 1927 malunt
1313 1917 1327 1937 ,

221 1966 329 2003 quam
367 1955 431 1992 uni
468 1955 676 1994 constanter
701 1957 907 1995 adhaerere.

273 2024 450 2061 Similiter
474 2025 617 2073 egregie
639 2026 791 2074 prodest
808 2028 1013 2066 communis
1039 2029 1099 2066 hic
1120 2029 1211 2066 ordo
1236 2031 1330 2067 mul-

209 2093 268 2130 'tis
304 2102 478 2131 coetuum
519 2093 626 2132 sociis
663 2105 698 2133 et
728 2097 914 2144 alumnis,
955 2098 1184 2136 domicilium
1222 2099 1326 2137 suum

219 2161 360 2211 saepius
395 2163 650 2212 mutantibus,
681 2177 719 2203 ac
755 2167 912 2215 proinde
939 2178 1024 2206 mox
1055 2169 1140 2208 huic
1168 2181 1251 2208 mox
1273 2169 1328 2207 illi

1243 2249 1329 2277 coe-
