1544 2693
186 134 235 179 5⁶
406 124 1072 178 COMMENTATI'O

185 240 281 282 sunt.
334 240 463 288 Unde,
504 240 569 288 qui
607 249 774 278 nostrum
811 240 1022 287 vituperant
1061 239 1291 287 institutum,

185 312 349 356 ducunt,
402 311 501 356 hoc,
557 311 811 356 qualecunque
846 309 914 356 fit,
968 310 1188 347 contrarium
1218 310 1292 347 esse

185 379 328 418 Christi
353 387 389 416 et
419 380 692 426 Apostolorum
722 380 921 426 exemplo,
962 383 1080 427 eaque
1108 381 1152 417 cle
1183 381 1292 416 causa

184 451 334 487 omnino
369 448 652 497 repudiandum.
727 447 896 496 Verum,
942 450 1029 486 haec
1080 449 1142 496 qui
1182 448 1293 486 nobis

185 518 396 565 obiiciunt,
435 519 498 556 vix
535 518 822 556 animadvertere
849 519 1043 565 videntur,
1099 518 1291 557 Christum

183 597 219 629 et
245 589 456 637 Apostolos
482 588 520 625 in
545 588 713 626 docendo
740 588 843 626 aliam
883 587 1003 625 iniisse
1034 588 1156 634 viam,
1184 587 1292 625 aliam

184 657 296 695 nobis
326 657 402 696 esse
428 659 649 705 ineundam3
678 657 778 705 ipsos
803 664 955 705 quoque
983 658 1191 706 Apostolos
1218 667 1294 694 non

184 728 337 764 omnino
380 727 482 775 sequi
522 727 686 776 potuisse
734 727 847 766 divini
898 729 1105 774 exemplum
1153 726 1296 775 Magis·

182 797 254 844 tri,
283 798 320 835 in
355 797 544 835 doctrinae
571 798 801 849 euangelicae
831 805 1048 844 argumento
1087 796 1292 843 tradendo,

185 867 342 915 eiusque
383 867 511 904 ordine
543 878 583 904 ac
620 865 739 904 forma
778 866 978 913 eligendis3
1032 859 1145 912 porro
1181 864 1294 902 simile

183 937 378 973 discrimen
404 936 600 983 aliquando
625 936 725 973 cerni
752 936 898 973 Petrum
928 935 1022 972 inter
1051 945 1084 972 et
1099 935 1262 972 Paullum
1279 962 1293 980 ‚

185 1016 387 1053 utrumque
428 1006 530 1052 pium
575 1005 715 1043 Christi
766 1005 986 1052 discipulum
1028 1013 1064 1041 et
1105 1006 1293 1051 legatum,

183 1084 383 1123 utrumque
410 1076 599 1112 doctorem
630 1076 843 1123 egregium3
883 1075 1042 1122 denique
1071 1075 1183 1113 Paulli
1216 1085 1296 1112 ora·

183 1145 320 1183 tionem
358 1146 461 1183 aliam
488 1143 647 1182 induisse
677 1144 830 1182 formam
859 1145 896 1181 in
924 1145 1122 1192 s-ynagoga
1161 1144 1295 1182 Antio-

186 1216 327 1261 chena,
354 1215 469 1265 (Act.
498 1215 626 1263 xm.)
654 1214 756 1251 aliam
778 1215 814 1251 in
839 1215 1036 1261 Areopago
1061 1214 1291 1253 Athenienfi.

186 1287 291 1338 (cap.
321 1286 488 1332 XVII.)

236 1356 378 1395 Audivi
409 1355 608 1403 aliquando
641 1355 803 1393 muneris
829 1355 1055 1394 ecclesiastici
1081 1356 1296 1393 candidatos-

183 1436 220 1467 et
253 1426 416 1464 iuniores
453 1425 637 1464 Ecclesiae
667 1426 859 1463 ministros
903 1435 1097 1473 querentes
1120 1427 1166 1467 de
1201 1423 1297 1462 diffi-

187 1498 323 1535 cultate
357 1496 494 1534 laboris
519 1496 751 1544 impendendi
779 1496 815 1532 in
841 1496 1027 1532 orationes
1051 1494 1191 1541 sacras,
1219 1506 1298 1532 cer-

187 1575 228 1603 to
264 1566 418 1612 ordine,
469 1565 542 1603 five
579 1566 623 1603 de
658 1564 809 1613 singulis
843 1565 1032 1603 doctrinae
1066 1565 1298 1604 Christianae

192 1635 401 1683 capitibus,
429 1634 503 1672 five
528 1635 572 1672 de
604 1634 685 1672 aliis
712 1636 958 1683 argumentis,
986 1635 1184 1687 habendas.
1221 1636 1299 1674 Ne-

193 1718 266 1753 que
298 1717 367 1753 ego
395 1705 578 1752 diffiteor,
606 1717 663 1742 me
698 1704 805 1742 istius
841 1706 978 1743 laboris
1005 1718 1125 1742 curam
1157 1717 1197 1742 ac
1221 1717 1299 1743 mo·

187 1774 330 1819 lestiam
370 1775 539 1820 nonnihil
583 1775 832 1813 extimescere.
911 1776 1009 1822 Sed,
1064 1776 1128 1823 qui
1163 1775 1228 1813 usu
1264 1785 1300 1813 et

190 1846 414 1894 experientia
454 1845 677 1891 aliquamdiu
714 1845 797 1882 sunt
841 1844 1055 1892 exercitati,
1105 1845 1207 1882 bono
1243 1857 1300 1882 me

190 1915 311 1962 auimo
347 1914 422 1952 esse
455 1914 608 1961 iubent,
647 1924 705 1952 et:
751 1916 831 1952 leve
867 1915 936 1961 fit,
967 1907 1168 1962 inquiunt,
1198 1915 1301 1962 quod

191 1985 284 2027 bene
314 1983 431 2021 fertur
459 1995 581 2031 onus;
613 1983 825 2021 fabricando
852 1984 947 2021 fabri
981 1985 1119 2031 fimus3
1161 1986 1300 2023 orando

191 2065 231 2100 ac
269 2055 470 2091 laborando
510 2054 775 2101 proficiendum
814 2064 892 2102 est3
929 2056 1074 2092 nullum.
1105 2066 1180 2091 non
1219 2067 1300 2092 ora-

194 2125 334 2161 tionum
373 2122 550 2160 sacrarum
585 2134 699 2172 genus
732 2123 996 2170 incipientibus
1028 2125 1216 2172 negotium
1244 2123 1300 2161 fa-

192 2192 320 2242 cesfit3
351 2193 544 2231 homiletae
577 2193 689 2231 libere
722 2203 893 2242 vagantes
925 2194 1056 2242 saepe,
1083 2202 1298 2243 argumento

1220 2272 1296 2301 tex-
