1487 2703
198 190 220 222 4
429 169 1073 210 INTRODUCTIO.

203 284 390 321 Praeterea
422 291 467 318 ex
496 281 561 317 hac
593 280 673 327 ipsa
702 280 793 328 legis
828 279 1007 316 brevitate
1041 290 1155 326 atque
1184 278 1320 315 obscu-

204 354 312 390 ritate
341 359 477 399 sponte
504 351 622 387 oritur
656 349 854 387 necessitas
882 348 942 395 ei,
973 350 1036 396 qui
1065 350 1108 386 ad
1135 350 1216 398 ejus
1238 358 1321 386 sen-

210 433 291 460 sum
328 428 518 470 penetrare
564 422 674 466 vult,
715 429 755 457 ut
792 420 835 456 ad
869 418 973 466 ipsos
1013 417 1162 465 fontes,
1225 417 1322 472 unde

209 494 340 529 hausta
367 491 440 537 sit,
466 490 677 529 descendat.
730 490 871 533 Porro,
900 497 940 525 ut
965 487 1041 525 fieri
1075 488 1169 524 solet
1203 487 1241 524 in
1267 498 1326 523 re-

209 564 281 599 bus
315 560 609 606 difficilioribus,
648 559 701 597 sic
737 559 842 595 etiarn
869 557 913 595 de
935 568 1046 595 causa
1083 554 1324 605 obligationis

210 634 435 681 Interpretes
461 630 629 668 abierunt
657 630 929 667 injnnumeras
951 629 1139 675 longeque
1167 638 1186 664 a
1210 637 1251 663 se
1270 626 1326 664 di-

211 713 336 740 versas
380 700 602 748 opiniones,
658 711 774 745 quae,
831 707 1008 746 quantum
1059 696 1138 735 fieri
1175 705 1328 746 potest,

212 771 489 819 componendae
525 780 634 816 sunt3
685 770 857 815 tandem,
897 769 1001 816 quod
1041 767 1328 818 gravissimum,

212 854 252 881 ac
287 841 401 879 tironi
428 849 527 879 certe
562 839 728 877 omnium
761 838 1015 876 difficillimum
1056 848 1136 878 est:
1192 849 1238 876 ex
1283 837 1329 876 iis

215 925 254 949 ea
291 921 346 949 est
383 911 548 959 eligenda
592 917 704 956 atque
751 909 992 957 explicanda,
1049 920 1142 956 quae
1185 909 1330 946 veritati

216 981 371 1020 maxime
405 990 569 1026 congrua
607 979 766 1016 videtur.
818 997 872 1007 —-
921 979 1023 1016 Haec
1066 977 1189 1016 omnia
1229 989 1331 1015 suam

216 1061 314 1089 certe
348 1060 516 1097 quaeque
545 1048 682 1086 habent
717 1047 941 1094 utilitatem3
993 1047 1116 1084 omnia
1139 1045 1335 1095 Jurispru-

219 1122 376 1159 dentiam
403 1119 523 1156 colere
554 1117 820 1166 incipientibus
851 1117 1057 1156 uberrimos
1093 1125 1255 1166 possunt
1283 1116 1336 1156 af-

221 1191 317 1230 ferre
350 1190 512 1229 fructus.

274 1261 389 1299 Hisce
432 1260 546 1309 igitur
596 1259 697 1296 ducti
745 1258 980 1305 rationibus,
1034 1257 1300 1296 constituimus
1324 1284 1338 1304 ,

225 1331 394 1379 quamvis
429 1341 645 1377 vereamur,
689 1339 734 1365 ne
772 1339 881 1366 onera
920 1327 1017 1365 vires
1055 1329 1254 1374 excedant,
1288 1329 1340 1365 la-

226 1404 352 1439 borem
393 1400 610 1447 suscipere,
666 1399 831 1449 quidque
873 1398 984 1436 nobis
1025 1398 1118 1447 ipsis
1156 1398 1338 1447 proficere

227 1482 454 1520 possemus,
484 1471 624 1508 conari.

277 1543 486 1587 Antequam
526 1551 614 1577 vero
648 1539 832 1577 materiam
867 1540 1098 1588 propositam
1138 1541 1340 1587 adeamus,

227 1623 342 1659 pauca
378 1611 557 1649 habemus
583 1611 852 1658 praemonenda
878 1610 924 1648 de
952 1611 1091 1658 modo,
1121 1622 1230 1658 quem
1253 1611 1343 1650 scri-

227 1683 349 1719 bendo
377 1681 494 1720 secuti
528 1693 671 1722 sumus.

281 1754 407 1802 Quum
430 1752 540 1790 nobis
563 1752 712 1799 quidem
736 1751 889 1789 dubium
918 1761 993 1788 non
1017 1751 1067 1788 sit
1084 1777 1098 1796 ,
1126 1759 1246 1788 totum
1270 1751 1345 1789 Po-

228 1817 349 1856 thierii
379 1828 502 1865 opus,
531 1817 631 1864 quod
655 1816 870 1854 inscribitur
898 1817 1036 1854 Traite'
1059 1814 1118 1852 des
1143 1814 1344 1862 Commu,

231 1887 409 1936 quodque
434 1887 542 1924 unice
582 1885 699 1923 secuti
732 1894 818 1923 sunt
854 1886 1108 1933 Legislatores
1149 1884 1344 1931 Francici‚

231 1957 338 1995 etiam
372 1958 409 1994 in
442 1955 606 1994 sectione
641 1956 702 1993 iila
731 1957 776 1992 de
810 1967 918 1993 causa
958 1955 1219 2003 obligationis:
1273 1955 1348 1992 hoe

232 2037 359 2074 opus,
403 2024 586 2071 dicimus,
624 2024 693 2062 niti
724 2024 918 2072 principiis
949 2024 1050 2074 Juris
1089 2023 1272 2071 Romani,
1300 2024 1345 2062 ab

232 2095 338 2133 initio
369 2094 632 2133 constituimus
671 2094 784 2143 hujrls
823 2095 918 2144 juris
949 2104 1143 2143 praecepta
1169 2095 1214 2132 de
1242 2105 1352 2143 argu-

233 2175 357 2204 mento
384 2174 517 2203 nostro
542 2177 610 2213 pro
636 2164 779 2203 viribus
802 2166 930 2212 paucis
955 2176 1152 2214 exponere.

285 2239 458 2274 Attamen
489 2236 616 2274 habuit
641 2220 712 2273 hoc
738 2235 934 2273 consilium
962 2237 1096 2274 multas
1129 2235 1347 2282 cautiones,

1232 2318 1344 2354 quum
