1544 2693
252 165 318 209 116
478 162 658 208 HERM.
692 162 718 205 J
722 161 814 206 OH.
849 159 1166 207 ROYAARDS

258 297 381 342 novis
426 295 711 341 instrumentis
727 327 738 349 ‚
801 294 938 351 qualia
983 294 1081 338 artis
1124 308 1373 353 progressus

259 381 542 438 requirerent,
584 379 725 437 augeri
767 384 944 436 propter
983 377 1265 422 subsidiorum
1303 385 1374 423 te-

260 465 457 509 nuitatem
488 478 574 507 non
608 462 770 522 possit,
809 476 900 506 cum
939 463 1077 506 fructu
1115 469 1258 507 tamen
1292 462 1375 506 ad-

260 549 426 592 hibetur
466 547 521 591 ad
560 546 792 590 docendam
823 545 1111 604 disciplinam,
1137 552 1177 589 et
1201 545 1377 590 Chemi-

259 647 379 686 cam,
402 639 442 675 et
472 629 872 676 Pharmaceuticam.

312 715 542 760 Museum
570 713 1006 771 Mineralogicum
1033 712 1180 770 paucis
1216 711 1378 769 aliquot

261 799 580 859 speciminibus,
609 805 648 842 et
670 797 974 855 mineralogicis
990 829 1003 851 ‚
1029 804 1069 841 et
1095 797 1376 855 geognosticis

261 890 427 927 auctum
446 914 458 935 ‚
496 882 646 926 harum
687 880 999 939 disciplinarum
1043 881 1242 926 studiosis
1281 895 1376 927 cum

262 966 401 1010 fructu
427 963 627 1009 inservire
660 963 810 1023 pergit.

320 1050 390 1092 In>
420 1048 585 1091 Horto
638 1047 950 1090 Academico
1005 1054 1148 1091 mutua
1189 1047 1379 1094 instituta

260 1132 344 1177 :fuit
359 1133 596 1191 plantarum
624 1131 895 1175 commutatio
923 1144 1018 1175 cum
1044 1131 1204 1187 hortis,
1226 1140 1268 1177 et
1294 1133 1379 1193 pa'-

265 1215 383 1270 triis,
425 1223 465 1260 et
495 1215 659 1260 exteris.
720 1214 852 1259 Simul
893 1229 992 1259 vero
1034 1216 1270 1260 Museu‘m'
1299 1218 1380 1262 in-

266 1306 672 1344 strumentorum
726 1298 1042 1342 rusticorum
1064 1331 1076 1353 ,
1125 1300 1170 1344 in
1218 1300 1379 1347 hancce

266 1383 415 1427 urbem
451 1383 697 1426 translatum
714 1415 726 1436 ,
766 1383 1122 1441 opportunitatem
1158 1386 1380 1443 praebebit

266 1466 507 1510 instauratis
537 1479 674 1524 nuper
717 1465 872 1509 scholis
908 1465 1192 1511 Oeconomiae
1230 1468 1379 1515 ruralis

267 1548 418 1607 majori
451 1563 545 1592 cum
578 1549 717 1592 fructu
748 1548 1025 1593 instituendis.

325 1634 402 1677 Est
454 1631 592 1685 enim,
640 1631 756 1689 quod
796 1631 895 1675 Tibi
939 1633 1220 1689 gratulemur,
1266 1634 1378 1682 clar.

271 1719 348 1763 Ko
363 1718 470 1777 psi!
514 1731 636 1774 quem
688 1716 857 1760 tandem
905 1719 1096 1762 votorum
1120 1700 1379 1780 compotem

264 1802 453 1847 *reddidit
485 1801 613 1859 Regis
650 1800 860 1844 decretum
879 1832 890 1853 ‚
941 1815 1025 1858 quo
1056 1802 1246 1847 Museum
1279 1804 1382 1850 illud

268 1886 642 1930 instrumentorum
671 1884 918 1928 rusticorum
935 1917 946 1936 ‚
987 1885 1049 1930 Te
1076 1895 1246 1933 auctore
1275 1903 1385 1933 con-

271 1970 428 2022 ditum,
470 1977 565 2013 tuae
614 1983 738 2012 curae
787 1969 872 2025 jam
915 1968 985 2012 diu
1030 1971 1255 2025 traditum,
1299 1973 1383 2017 huc

271 2055 578 2098 transferretur.
641 2052 720 2096 Hic
756 2052 839 2109 jam
871 2052 1157 2111 copiosissime
1185 2056 1252 2099 Tu
1280 2056 1383 2101 illud

272 2139 527 2191 instruxisti,
574 2145 614 2181 et
656 2136 840 2193 quotidie
889 2144 953 2179 tua
996 2151 1094 2180 cura
1134 2145 1249 2196 patet
1284 2140 1385 2184 uni-—

274 2225 436 2283 cuique.
498 2222 581 2266 Diu
610 2222 675 2265 Tu
702 2219 759 2263 illi
787 2220 967 2279 praesis!
