1544 2693
241 166 289 215 36
389 160 802 202 COMMENTATIO
831 160 1202 202 THEOLOGICA.

238 273 316 323 Qui
337 284 435 311 nunc
465 273 503 309 in
530 271 704 310 Ecclefiis
731 270 871 308 nostris
906 270 1112 308 Walonicis
1137 270 1341 309 doctrinam

239 342 487 381 Christianam
525 339 715 378 communi
747 340 905 386 quodam
950 340 1079 378 ordine
1123 348 1342 388 exponunt,

239 413 367 449 ducem
405 409 508 457 sequi
540 408 657 446 solent
690 408 904 447 Catechefin
928 408 1202 456 Genevensem‚
1232 420 1341 456 quarn

225 482 337 529 suam
369 480 526 526 dicunt,
557 486 592 516 et
617 478 661 515 de
690 480 764 524 qua
799 488 875 514 non
900 477 966 515 nifi
1000 487 1206 516 reverenter
1234 477 1340 526 loqui

229 561 299 598 pro
327 548 510 587 concione
543 547 644 585 licet.
675 546 769 595 (45)
822 547 861 585 Si
894 558 987 593 quae
1018 549 1075 584 lex
1108 547 1208 585 hunc
1235 548 1340 586 usum

228 619 368 657 servare
410 617 541 665 iubet,
593 628 670 656 non
702 616 769 654 nifi
801 628 841 654 ea
879 615 956 665 ipsa
989 616 1141 656 dicenda
1166 616 1339 665 videtur,

231 700 340 737 quam
366 688 403 726 in
429 686 603 726 Ecclefiis
622 686 783 735 Belgicis
805 687 951 733 valere,
978 686 1085 734 supra
1111 698 1150 735 p.
1180 687 1337 725 16-18.

227 758 403 797 vidimus.
467 757 583 806 Quod
615 755 640 794 s1
681 767 810 794 verum
844 755 921 802 sit,
964 755 1139 804 Synodus
1185 756 1337 805 Hagana

226 825 400 865 censenda
437 827 505 863 erit
529 825 699 863 consulto
735 825 772 862 in
806 824 963 863 statutis
989 823 1062 862 suis
1097 824 1233 863 dixisse
1256 824 1338 863 fim—

223 897 369 944 pliciter
391 896 683 941 catechismum,
712 905 787 932 non
819 893 969 931 definite
991 893 1238 941 Palatinum,
1276 895 1337 932 vel

228 964 582 1015 Heidelbergensem.
610 963 709 1013 (46)

224 1088 306 1118 Sess.
327 1089 423 1118 xv11.
443 1090 599 1124 leguntur:
634 1089 745 1116 Territa
765 1087 980 1122 (catecheseos
1004 1087 1149 1125 formula)
1165 1090 1231 1116 erit
1260 1088 1335 1116 Cat-

222 1145 326 1181 achesis
352 1145 527 1180 Palatina,
555 1147 594 1173 ab
621 1143 763 1181 Ecclefiis
788 1145 904 1171 nostrfs
938 1143 984 1181 (h.
1013 1152 1042 1175 e.
1064 1143 1212 1182 Belgicis)
1232 1153 1336 1182 recep·

218 1208 276 1237 ta,
307 1203 339 1229 in
362 1201 422 1238 qua*
443 1203 653 1237 provectiores
679 1208 784 1228 aetate
811 1207 843 1228 et
867 1201 1010 1236 profectu
1036 1201 1235 1231 erudientur.
1277 1199 1332 1229 Ec-

221 1257 325 1294 clestae
353 1265 455 1286 autem
482 1258 768 1293 Gallo-Belgicae,
790 1267 866 1293 quan
900 1258 1062 1292 Gemvenst'
1084 1258 1237 1294 Caret-hest·
1256 1258 1329 1286 hac-

221 1323 309 1343 tenus
337 1321 491 1350 utuntur,
509 1314 637 1349 ejusdem
669 1314 752 1347 usum
781 1315 813 1341 in
841 1314 957 1341 Scholis
983 1320 1075 1350 atque
1100 1312 1240 1349 Ecclefit's
1261 1314 1331 1349 ser-

218 1381 293 1401 vare
321 1377 484 1408 poterant.
545 1370 624 1399 Hinc
657 1377 721 1398 orta
753 1369 874 1398 videtur
908 1369 1079 1398 Simonis
1121 1369 1332 1399 Goulartii

216 1428 386 1457 criminatio
405 1430 442 1456 de
462 1428 650 1456 Catechismo
683 1428 852 1456 Genevenfi
872 1425 903 1454 in
928 1427 1066 1455 Ecclefiis
1091 1427 1256 1456 Walonicis
1274 1435 1329 1462 pro

215 1484 366 1513 concione
387 1486 544 1519 expofito,
565 1484 595 1511 in
616 1483 753 1517 Epistola
769 1482 1044 1511 Remonstrantihus
1067 1482 1232 1511 Walonicis
1257 1485 1330 1511 Am·

209 1542 364 1571 stelodami
382 1541 580 1570 habitantibus
600 1540 728 1575 scripta,
750 1540 799 1568 die
819 1549 855 1569 20
873 1539 1031 1575 Octobris,
1053 1549 1082 1568 a·
1105 1544 1190 1571 1620.
1217 1541 1327 1570 inserta

211 1599 357 1636 Epistolis
382 1599 489 1632 eccles.
513 1605 543 1625 et
567 1598 659 1625 theol.
681 1599 764 1626 laud.
791 1606 822 1632 p.
847 1599 1012 1634 643-651.
1041 1606 1058 1626 e
1085 1600 1152 1633 quill
1164 1598 1325 1634 praecipua

207 1657 356 1691 decerpsit
373 1664 402 1684 et
418 1663 435 1683 e
453 1655 569 1683 Gallico
594 1654 624 1682 in
645 1654 800 1688 Belgicum
816 1654 985 1682 sermonem
1003 1653 1095 1682 vertit
1109 1655 1146 1682 G.
1161 1655 1323 1690 Brandt,

211 1715 241 1742 in
264 1715 406 1741 Historie
435 1714 490 1740 der
517 1711 712 1746 Reformatt'e
726 1731 735 1746 ‚
756 1712 824 1739 Vol,
845 1712 899 1739 lv.
917 1719 948 1745 p-
972 1715 1134 1745 3:2—385.
1318 1742 1320 1746 ,

247 1771 316 1808 (45)
347 1770 415 1798 Vid.
449 1770 624 1805 Rdglemens
654 1769 692 1794 du
722 1768 832 1802 Synode
857 1767 906 1794 des
933 1759 1053 1802 Eglises
1076 1769 1246 1796 Il'ullonnes
1270 1769 1321 1797 des·

208 1829 374 1857 Proviuces
400 1827 491 1853 Um‘es
515 1826 564 1852 des
587 1824 769 1859 pays-Bas.
802 1824 897 1852 Amst.
923 1827 1008 1857 1765.
1031 1825 1126 1859 Chap.
1153 1825 1237 1854 XVI.
1265 1834 1320 1861 art,

207 1895 236 1919 5·
281 1885 314 1912 ln
349 1891 428 1910 nova
456 1883 565 1915 Legum
591 1882 734 1914 svlloge.‚
759 1880 934 1915 Rs‘gxemens
950 1881 1111 1916 gdndraux
1128 1889 1159 1909 et
1170 1884 1319 1918 particu-

202 1940 282 1968 liers
309 1949 327 1968 a
355 1939 467 1975 l'usage
494 1939 542 1965 ales
568 1932 688 1973 Eglisbs
714 1938 886 1965 Wallonnes
912 1938 950 1964 du
970 1939 1122 1973 Royaume
1148 1939 1197 1966 des
1224 1939 1321 1975 Pnys-

208 2000 290 2031 Bas,
311 1999 337 2025 la
357 1998 439 2030 Haye
468 1999 550 2024 1818.
573 1993 743 2021 huiusmodi
769 1992 910 2021 articulus
935 2002 996 2021 non
1022 2002 1067 2022 est
1091 2002 1242 2029 receptus.

243 2057 314 2091 (μς)
338 2054 431 2082 Cous.
458 2051 663 2080 Koechcri
695 2050 750 2078 lib.
778 2051 798 2077 l.
838 2058 904 2083 cap.
934 2050 1004 2079 Vll.
1037 2048 1066 2087 §.
1095 2060 1123 2084 7.
1148 2051 1256 2086 Ypeii
1283 2059 1317 2080 et

205 2109 492 2143 Dern1011r.lib.
516 2111 537 2136 l.
563 2110 629 2136 xol.
654 2107 678 2135 I.
699 2115 729 2140 p.
750 2115 826 2143 432,
849 2115 918 2141 433·

658 2207 863 2222 ⁴0⁹——

1169 2297 1304 2335 PARS
