1487 2703
365 198 669 240 BOTANICO·
683 198 1062 240 OECONOMlCA.
1206 212 1275 247 119

213 309 394 360 Quamvis
436 310 551 359 igitur
592 310 764 348 Solanmn
810 308 1017 347 tuberosum
1069 308 1271 345 nonnullos.

160 378 330 425 habuerit
378 380 630 426 adversarios,
681 378 924 417 nihilominus
972 386 1094 417 tamen
1133 378 1270 416 sensim

157 449 399 497 sensimque,
427 448 483 486 uti
523 449 709 495 vidimus,
737 449 826 486 tales
857 447 994 486 fecerat
1017 459 1238 496 progressus
1255 475 1269 494 ,

159 519 265 558 etiam
301 519 340 557 in
363 519 480 568 patria
511 528 662 566 nostra,
691 529 732 557 ut
756 519 820 557 Cl.
846 529 937 556 van
974 518 1168 564 Geuns,
1197 529 1271 554 me-

158 598 269 628 tuens
315 600 362 627 ne
397 600 456 627 res
492 589 531 626 in
571 588 670 626 aliud
715 597 916 626 extremum
961 596 1238 626 converteretur
1257 615 1269 633 ,

157 659 273 706 scih,
326 659 429 707 quod
468 658 689 698 Solanorum
717 659 865 696 cultura
901 657 1011 695 nimis
1043 657 1269 705 negligerent

155 729 255 767 illam
290 728 525 775 Cerealium,
562 729 809 774 desideraret,
844 736 886 765 ut
921 727 1007 765 huic
1041 726 1093 763 rei
1119 725 1268 774 prospi-

154 806 280 836 cerent
309 799 389 846 illi,
418 799 483 846 qui
516 797 738 845 reipublicae
773 796 1021 845 principatum
1054 796 1266 841 tenebant,

157 867 331 905 stimulos
378 878 511 916 nempe
554 867 785 905 admovendo
824 868 990 904 culturae
1033 866 1269 912 Cerealium,
1314 852 1319 856 *

156 947 270 985 atque
314 937 460 976 Solam‘s
501 937 630 985 potius
666 936 819 984 aliquod
861 935 1042 975 tributum
1077 935 1271 983 imponen-

155 1009 221 1047 do.
266 1023 322 1032 -··-
373 1007 445 1046 Est
493 1019 616 1046 revera
666 1008 794 1046 Solam·
839 1005 998 1044 tuberosi
1048 1007 1190 1043 cultura
1233 1013 1270 1042 et

155 1087 249 1114 usus
280 1078 380 1126 apud
411 1085 596 1116 nostrates
625 1076 809 1126 insignis,
838 1084 996 1114 attamen
1031 1076 1196 1113 culturae
1231 1084 1268 1112 et

152 1146 406 1184 consumtioni
433 1146 472 1183 in
510 1147 590 1184 aliis
626 1147 720 1184 locis
759 1145 964 1194 comparari
996 1155 1074 1182 non
1112 1152 1261 1193 potest:

154 1215 208 1254 sic
236 1216 332 1254 enim
363 1216 402 1253 in
434 1216 631 1255 Germania
664 1227 769 1254 mane
795 1216 868 1265 jam
895 1214 1052 1252 ahenum
1085 1213 1163 1261 igni
1199 1214 1266 1251 im·

150 1285 328 1334 ponitur,
378 1285 508 1333 ibique
546 1297 612 1333 per
646 1293 767 1323 totum
807 1286 903 1323 diem
932 1292 1054 1322 manet
1096 1282 1266 1321 familiari

151 1354 263 1403 usuig,
316 1355 392 1391 imo
435 1353 498 1391 vix
535 1361 752 1402 exspectant
790 1361 937 1400 tempus
977 1352 1262 1399 maturationis,

152 1435 230 1471 quo
264 1424 402 1462 Solana
433 1422 622 1460 effodiant.
700 1424 743 1461 In
787 1422 944 1461 Gallicia
990 1424 1138 1461 unicum
1183 1421 1261 1461 fere

150 1493 418 1532 nutrimentum
446 1493 624 1530 exhibent
655 1492 822 1539 Solana,
857 1504 951 1539 quae
985 1494 1086 1530 lardo
1112 1494 1260 1530 condita

150 1564 358 1613 gratissima
383 1562 520 1600 fercula
545 1562 678 1600 incolis
706 1561 911 1610 praebent,
939 1561 1118 1610 imprimis
1146 1574 1262 1610 quan-

152 1634 201 1672 do
240 1633 378 1671 accedit
405 1632 530 1680 liquor
563 1632 822 1681 spirituosus,
854 1642 964 1679 quem
998 1631 1132 1670 Wotka
1168 1642 1262 1670 nun·

153 1712 316 1752 cupant;
346 1714 468 1751 neque
494 1703 614 1740 minor
644 1711 701 1740 est
738 1701 874 1750 copia,
902 1712 1012 1749 quam
1047 1701 1158 1740 variis
1183 1703 1263 1740 ani-

152 1772 312 1811 malibus
344 1771 568 1820 porrigunt‚
602 1782 648 1809 ne
686 1771 800 1808 dicam
834 1770 878 1807 de
917 1770 1120 1817 quantitate
1162 1770 1260 1807 haud

153 1844 315 1890 minore,
342 1853 437 1890 quae
463 1839 730 1890 praeparationi
753 1839 908 1877 inservit
936 1839 1120 1887 spiritus,
1148 1852 1256 1887 quem

151 1912 301 1951 nomine
325 1913 482 1961 aquavit
513 1913 618 1948 etiam
644 1910 683 1947 in
709 1908 800 1948 alios
823 1910 928 1947 locos
956 1909 1196 1947 transferunt.

1216 1980 1257 2018 In

152 2061 211 2088 mse
237 2065 268 2086 et
292 2058 326 2086 de
354 2057 525 2092 Physique,
545 2056 635 2085 Tom.
659 2056 796 2084 xxvffl.
819 2064 885 2090 pag.
912 2064 982 2090 173,
1005 2063 1035 2084 et
1056 2057 1134 2084 Tom
1159 2058 1238 2084 XXX

151 2124 219 2153 pag.
248 2116 297 2153 96.
322 2127 370 2138 ·-—
399 2113 646 2148 vauquelin‚
683 2114 832 2140 Mdmoire
864 2122 918 2139 sur
952 2112 1061 2140 I’aca'dc
1088 2115 1241 2149 pectique,

151 2173 264 2201 ibidem
281 2172 370 2200 Tom.
388 2170 463 2198 XLI.
482 2177 550 2204 pag.
568 2170 616 2204 46.
654 2186 682 2190 —
702 2170 791 2199 Βία.
809 2169 955 2204 tea-Imm„
982 2170 1069 2198 Tom.
1095 2171 1158 2198 XV.
1177 2178 1236 2206 pag>

151 2239 222 2268 4¹4-
241 2243 283 2251 -—
309 2229 339 2266 J.
368 2228 403 2256 L.
429 2226 669 2260 Lassaigne,
698 2226 808 2262 ubre'gb
834 2226 1032 2254 lle'mcntaire
1056 2228 1090 2254 de
1121 2228 1254 2260 Chimre,

154 2289 216 2315 Par.
240 2290 329 2321 1829,
351 2285 429 2312 Part.
449 2284 487 2312 11.
509 2290 576 2318 pag.
599 2286 674 2319 859,
695 2290 724 2310 et
745 2283 900 2317 Despre
914 2291 948 2310 tz
964 2285 1040 2317 ,l.c.
1055 2291 1119 2318 pag,
1140 2293 1205 2320 239.
