1544 2693
233 153 262 196 6
442 151 621 198 HERM.
650 151 775 198 JOH.
808 151 1129 197 ROYAARDS

239 293 398 331 nostra.
483 285 681 331 Pietatem
711 293 847 330 autem
877 300 970 331 cum
1011 286 1108 331 dico
1127 318 1140 339 ,
1172 301 1196 330 a
1232 295 1352 345 gente

242 371 473 424 excultam,
510 384 596 414 non
634 376 719 423 est,
764 369 878 427 quod
923 370 1034 413 hanc
1073 369 1234 415 illamve
1271 385 1352 429 pe-

240 454 434 522 culiarem
477 453 584 498 illius
629 454 806 497 sormam
855 454 912 497 ob
962 455 1104 499 oculos
1150 455 1350 508 habeam,

238 538 312 582 sed
349 552 449 583 vero
490 537 586 597 pios
625 537 717 583 illos
751 538 880 582 innuo
912 552 1081 590 sensus,
1113 553 1219 596 quos
1253 553 1351 597 erga

240 622 376 666 Deum
420 622 692 679 hominesque
742 621 908 680 publice
959 622 1180 681 profitetur
1226 637 1346 681 gens,

241 706 415 764 aliisque
439 707 726 762 commendat3
769 706 922 750 verbo:
964 722 1107 772 sensus
1138 707 1350 765 significo,

241 791 392 847 quibus
426 790 596 836 virtutes
635 790 918 844 Christianas,
962 791 1110 845 fidem,
1153 806 1269 850 spem
1311 799 1352 836 et

241 874 478 929 caritatem,
509 881 549 919 et
575 875 714 934 palam
744 875 1011 934 profiteatur,
1043 883 1083 919 et
1107 875 1200 934 ipsa
1224 876 1347 920 colat.

297 1041 384 1086 Vos
428 1049 563 1087 autem
592 1043 643 1086 A.
660 1043 713 1086 A.
743 1057 837 1095 me,
874 1041 918 1084 in
957 1040 1137 1085 dicendo
1163 1048 1350 1096 tenuem,

243 1124 441 1170 benevole
473 1125 649 1170 audiatis
678 1133 719 1171 et
747 1125 916 1170 auribus
945 1124 1140 1178 faveatis,
1171 1139 1291 1183 rogo.
1326 1168 1329 1169 γ
1410 1139 1411 1143 ’

282 1463 586 1524 ‘Spectaculum
611 1465 816 1524 praebent
844 1466 1019 1510 Sublime
1043 1481 1219 1525 prorsus
1246 1475 1350 1525 gen‘-

237 1556 299 1593 tes
344 1549 590 1607 Europaeae
630 1549 772 1593 seculo
811 1549 1043 1603 sedecimo,
1099 1551 1152 1593 ad
1195 1565 1347 1594 novam

235 1631 361 1676 veluti
397 1632 522 1676 vitam
558 1631 771 1676 excitatae.
839 1632 935 1675 Jam
970 1641 1111 1690 gentes
1140 1633 1348 1678 barbarae

233 1729 388 1771 eaeque
422 1714 690 1764 nomadieae,
735 1715 789 1758 ad
830 1716 1012 1770 cultum,
1051 1716 1346 1761 humanitatem

234 1805 278 1841 el:
307 1799 507 1842 moralem
545 1799 826 1843 conditionem
867 1809 1152 1854 accesserant,
1192 1809 1238 1845 ut
1269 1816 1346 1860 per

233 1882 465 1926 seculorum
494 1883 714 1926 decursum
746 1883 896 1927 sensim
926 1884 1061 1929 varias
1092 1886 1347 1943 explicarent

233 1965 362 2009 animi
397 1965 635 2023 ingeniique
669 1967 896 2011 facultates.
972 1968 1070 2011 Jam
1109 1969 1224 2026 apud
1254 1968 1345 2013 illas

232 2049 437 2093 canebant
464 2050 646 2102 Poetae,
676 2049 853 2093 maxime
875 2049 1122 2104 Trouvarii,
1152 2050 1348 2108 philoso-

232 2132 473 2191 phabantur
509 2131 782 2186 Scholastici‚
819 2133 1090 2192 disputabant
1119 2133 1340 2178 Rhetores.

231 2216 483 2275 Disciplinas
507 2216 642 2270 Juris,
674 2216 927 2271 Medicinae,
955 2216 1212 2275 Theologiae
1235 2231 1343 2276 pro-
