<?xml version="1.0" encoding="UTF-8"?>
<!DOCTYPE html PUBLIC "-//W3C//DTD XHTML 1.0 Transitional//EN"
    "http://www.w3.org/TR/xhtml1/DTD/xhtml1-transitional.dtd">
<html xmlns="http://www.w3.org/1999/xhtml" xml:lang="en" lang="en">
 <head>
  <title>
</title>
<meta http-equiv="Content-Type" content="text/html;charset=utf-8" />
  <meta name='ocr-system' content='tesseract 3.04.00' />
  <meta name='ocr-capabilities' content='ocr_page ocr_carea ocr_par ocr_line ocrx_word'/>
</head>
<body>
  <div class='ocr_page' id='page_1' title='image "annalesacademiae34rhen_0657.png"; bbox 0 0 1487 2703; ppageno 0'>
   <div class='ocr_carea' id='block_1_1' title="bbox 423 177 1238 225">
    <p class='ocr_par' dir='ltr' id='par_1_1' title="bbox 423 177 1238 225">
     <span class='ocr_line' id='line_1_1' title="bbox 423 177 1238 225; baseline 0.005 -9"><span class='ocrx_word' id='word_1_1' title='bbox 423 177 957 225; x_wconf 58' lang='lat' dir='ltr'>LITERARIA„</span> <span class='ocrx_word' id='word_1_2' title='bbox 1171 193 1238 220; x_wconf 84' lang='lat'><strong>121</strong></span> 
     </span>
    </p>
   </div>
   <div class='ocr_carea' id='block_1_2' title="bbox 120 289 1264 1462">
    <p class='ocr_par' dir='ltr' id='par_1_2' title="bbox 120 289 1264 1462">
     <span class='ocr_line' id='line_1_2' title="bbox 129 289 1243 340; baseline 0.001 -13"><span class='ocrx_word' id='word_1_3' title='bbox 129 291 403 339; x_wconf 74' lang='lat' dir='ltr'><strong>interpretari,</strong></span> <span class='ocrx_word' id='word_1_4' title='bbox 441 290 544 328; x_wconf 88' lang='lat' dir='ltr'><strong>aliud</strong></span> <span class='ocrx_word' id='word_1_5' title='bbox 572 291 674 328; x_wconf 85' lang='lat' dir='ltr'><strong>mala</strong></span> <span class='ocrx_word' id='word_1_6' title='bbox 707 289 784 338; x_wconf 76' lang='lat' dir='ltr'><strong>fide</strong></span> <span class='ocrx_word' id='word_1_7' title='bbox 816 303 927 340; x_wconf 75' lang='lat' dir='ltr'><strong>agere</strong></span> <span class='ocrx_word' id='word_1_8' title='bbox 961 292 1002 328; x_wconf 82' lang='lat' dir='ltr'><strong>in</strong></span> <span class='ocrx_word' id='word_1_9' title='bbox 1033 290 1243 333; x_wconf 69' lang='lat' dir='ltr'><strong>nanrando.</strong></span> 
     </span>
     <span class='ocr_line' id='line_1_3' title="bbox 130 359 1245 410; baseline 0 -13"><span class='ocrx_word' id='word_1_10' title='bbox 130 360 313 410; x_wconf 66' lang='lat' dir='ltr'><strong>Quando⁴</strong></span> <span class='ocrx_word' id='word_1_11' title='bbox 340 371 512 408; x_wconf 84' lang='lat' dir='ltr'><strong>causam,</strong></span> <span class='ocrx_word' id='word_1_12' title='bbox 566 372 634 400; x_wconf 89' lang='lat' dir='ltr'><strong>cur</strong></span> <span class='ocrx_word' id='word_1_13' title='bbox 677 361 766 399; x_wconf 88' lang='lat' dir='ltr'><strong>haec</strong></span> <span class='ocrx_word' id='word_1_14' title='bbox 798 363 856 398; x_wconf 88' lang='lat' dir='ltr'><strong>vel</strong></span> <span class='ocrx_word' id='word_1_15' title='bbox 891 360 979 399; x_wconf 81' lang='lat' dir='ltr'><strong>&#39;talia</strong></span> <span class='ocrx_word' id='word_1_16' title='bbox 1017 359 1245 408; x_wconf 81' lang='lat' dir='ltr'><strong>acciderint,</strong></span> 
     </span>
     <span class='ocr_line' id='line_1_4' title="bbox 120 427 1250 480; baseline 0 -13"><span class='ocrx_word' id='word_1_17' title='bbox 120 427 258 468; x_wconf 70' lang='lat' dir='ltr'><strong>falsam</strong></span> <span class='ocrx_word' id='word_1_18' title='bbox 294 430 472 478; x_wconf 88' lang='lat' dir='ltr'><strong>exhibet,</strong></span> <span class='ocrx_word' id='word_1_19' title='bbox 526 431 674 480; x_wconf 87' lang='lat' dir='ltr'><strong>quando</strong></span> <span class='ocrx_word' id='word_1_20' title='bbox 712 442 789 469; x_wconf 87' lang='lat' dir='ltr'><strong>non</strong></span> <span class='ocrx_word' id='word_1_21' title='bbox 821 431 915 469; x_wconf 91' lang='lat' dir='ltr'><strong>bene</strong></span> <span class='ocrx_word' id='word_1_22' title='bbox 953 431 1130 469; x_wconf 82' lang='lat' dir='ltr'><strong>rationem</strong></span> <span class='ocrx_word' id='word_1_23' title='bbox 1169 431 1250 468; x_wconf 89' lang='lat' dir='ltr'><strong>recl-</strong></span> 
     </span>
     <span class='ocr_line' id='line_1_5' title="bbox 131 486 1249 549; baseline 0 -12"><span class='ocrx_word' id='word_1_24' title='bbox 131 486 356 546; x_wconf 39' lang='lat' dir='ltr'><strong>dit‚&#39;quare</strong></span> <span class='ocrx_word' id='word_1_25' title='bbox 384 500 438 538; x_wconf 89' lang='lat' dir='ltr'><strong>sic</strong></span> <span class='ocrx_word' id='word_1_26' title='bbox 463 500 521 538; x_wconf 88' lang='lat' dir='ltr'><strong>vel</strong></span> <span class='ocrx_word' id='word_1_27' title='bbox 554 499 659 538; x_wconf 86' lang='lat' dir='ltr'><strong>aliter</strong></span> <span class='ocrx_word' id='word_1_28' title='bbox 684 501 768 548; x_wconf 88' lang='lat' dir='ltr'><strong>quis</strong></span> <span class='ocrx_word' id='word_1_29' title='bbox 795 501 937 549; x_wconf 78' lang='lat' dir='ltr'><strong>egerit,</strong></span> <span class='ocrx_word' id='word_1_30' title='bbox 966 501 1099 539; x_wconf 86' lang='lat' dir='ltr'><strong>intacta</strong></span> <span class='ocrx_word' id='word_1_31' title='bbox 1131 509 1249 538; x_wconf 86' lang='lat' dir='ltr'><strong>tamen</strong></span> 
     </span>
     <span class='ocr_line' id='line_1_6' title="bbox 131 567 1254 618; baseline 0 -11"><span class='ocrx_word' id='word_1_32' title='bbox 131 569 225 618; x_wconf 71' lang='lat' dir='ltr'><strong>eius?</strong></span> <span class='ocrx_word' id='word_1_33' title='bbox 245 578 368 607; x_wconf 86' lang='lat' dir='ltr'><strong>manet</strong></span> <span class='ocrx_word' id='word_1_34' title='bbox 403 570 604 608; x_wconf 86' lang='lat' dir='ltr'>auctoritas</span> <span class='ocrx_word' id='word_1_35' title='bbox 645 571 682 608; x_wconf 91' lang='lat' dir='ltr'><strong>in</strong></span> <span class='ocrx_word' id='word_1_36' title='bbox 722 570 833 609; x_wconf 84' lang='lat' dir='ltr'><strong>rebus</strong></span> <span class='ocrx_word' id='word_1_37' title='bbox 866 571 998 618; x_wconf 80' lang='lat' dir='ltr'><strong>factis,</strong></span> <span class='ocrx_word' id='word_1_38' title='bbox 1031 567 1130 618; x_wconf 55' lang='lat' dir='ltr'><strong>’quas</strong></span> <span class='ocrx_word' id='word_1_39' title='bbox 1171 581 1254 618; x_wconf 66' lang='lat' dir='ltr'><strong>nar-</strong></span> 
     </span>
     <span class='ocr_line' id='line_1_7' title="bbox 133 640 1253 689; baseline 0 -13"><span class='ocrx_word' id='word_1_40' title='bbox 133 647 217 687; x_wconf 62' lang='lat' dir='ltr'><strong>rat-3</strong></span> <span class='ocrx_word' id='word_1_41' title='bbox 257 641 514 689; x_wconf 79' lang='lat' dir='ltr'><strong>exponendi53</strong></span> <span class='ocrx_word' id='word_1_42' title='bbox 558 641 612 678; x_wconf 89' lang='lat' dir='ltr'><strong>uti</strong></span> <span class='ocrx_word' id='word_1_43' title='bbox 652 641 944 679; x_wconf 83' lang='lat' dir='ltr'><strong>luculentissime</strong></span> <span class='ocrx_word' id='word_1_44' title='bbox 980 648 1080 689; x_wconf 86' lang='lat' dir='ltr'><strong>patet</strong></span> <span class='ocrx_word' id='word_1_45' title='bbox 1110 640 1154 678; x_wconf 73' lang='lat' dir='ltr'><strong>e&#39;x</strong></span> <span class='ocrx_word' id='word_1_46' title='bbox 1187 640 1253 677; x_wconf 90' lang='lat' dir='ltr'><strong>illo</strong></span> 
     </span>
     <span class='ocr_line' id='line_1_8' title="bbox 133 709 1254 759; baseline -0.002 -11"><span class='ocrx_word' id='word_1_47' title='bbox 133 711 304 758; x_wconf 87' lang='lat' dir='ltr'><strong>exemplo</strong></span> <span class='ocrx_word' id='word_1_48' title='bbox 326 709 460 759; x_wconf 86' lang='lat' dir='ltr'><strong>Caini,</strong></span> <span class='ocrx_word' id='word_1_49' title='bbox 489 711 593 757; x_wconf 83' lang='lat' dir='ltr'><strong>quod</strong></span> <span class='ocrx_word' id='word_1_50' title='bbox 618 711 794 749; x_wconf 86' lang='lat' dir='ltr'><strong>Sectione</strong></span> <span class='ocrx_word' id='word_1_51' title='bbox 821 712 852 749; x_wconf 89' lang='grc' dir='ltr'><strong>Ι.</strong></span> <span class='ocrx_word' id='word_1_52' title='bbox 883 710 1128 748; x_wconf 82' lang='lat' dir='ltr'>laudavimus.</span> <span class='ocrx_word' id='word_1_53' title='bbox 1158 710 1254 747; x_wconf 81' lang='lat' dir='ltr'><strong>Nar-</strong></span> 
     </span>
     <span class='ocr_line' id='line_1_9' title="bbox 133 779 1256 829; baseline 0 -12"><span class='ocrx_word' id='word_1_54' title='bbox 133 787 190 818; x_wconf 82' lang='lat' dir='ltr'><strong>rat</strong></span> <span class='ocrx_word' id='word_1_55' title='bbox 220 779 411 829; x_wconf 90' lang='lat' dir='ltr'><strong>Josephus</strong></span> <span class='ocrx_word' id='word_1_56' title='bbox 449 780 593 827; x_wconf 85' lang='lat' dir='ltr'><strong>onmia,</strong></span> <span class='ocrx_word' id='word_1_57' title='bbox 636 781 691 818; x_wconf 91' lang='lat' dir='ltr'><strong>uti</strong></span> <span class='ocrx_word' id='word_1_58' title='bbox 728 781 875 820; x_wconf 89' lang='lat' dir='ltr'><strong>Moises</strong></span> <span class='ocrx_word' id='word_1_59' title='bbox 916 793 956 818; x_wconf 88' lang='lat' dir='ltr'><strong>ea</strong></span> <span class='ocrx_word' id='word_1_60' title='bbox 990 789 1142 827; x_wconf 81' lang='lat' dir='ltr'><strong>narrat,</strong></span> <span class='ocrx_word' id='word_1_61' title='bbox 1190 780 1256 817; x_wconf 88' lang='lat' dir='ltr'><strong>sed</strong></span> 
     </span>
     <span class='ocr_line' id='line_1_10' title="bbox 133 844 1256 898; baseline -0.003 -9"><span class='ocrx_word' id='word_1_62' title='bbox 133 850 235 889; x_wconf 87' lang='lat' dir='ltr'>addit</span> <span class='ocrx_word' id='word_1_63' title='bbox 271 844 398 888; x_wconf 84' lang='lat' dir='ltr'><strong>falsam</strong></span> <span class='ocrx_word' id='word_1_64' title='bbox 434 850 613 889; x_wconf 86' lang='lat' dir='ltr'><strong>rationem</strong></span> <span class='ocrx_word' id='word_1_65' title='bbox 651 862 719 889; x_wconf 90' lang='lat' dir='ltr'><strong>cur</strong></span> <span class='ocrx_word' id='word_1_66' title='bbox 758 852 839 889; x_wconf 89' lang='lat' dir='ltr'><strong>Deo</strong></span> <span class='ocrx_word' id='word_1_67' title='bbox 868 848 1012 898; x_wconf 81' lang='lat' dir='ltr'><strong>gratum</strong></span> <span class='ocrx_word' id='word_1_68' title='bbox 1051 858 1126 887; x_wconf 87' lang='lat' dir='ltr'><strong>erat</strong></span> <span class='ocrx_word' id='word_1_69' title='bbox 1153 850 1256 888; x_wconf 91' lang='lat' dir='ltr'><strong>Abe-</strong></span> 
     </span>
     <span class='ocr_line' id='line_1_11' title="bbox 132 921 1255 969; baseline -0.002 -10"><span class='ocrx_word' id='word_1_70' title='bbox 132 921 180 959; x_wconf 87' lang='lat' dir='ltr'><strong>lis</strong></span> <span class='ocrx_word' id='word_1_71' title='bbox 210 921 454 968; x_wconf 83' lang='lat' dir='ltr'><strong>sacrificium,</strong></span> <span class='ocrx_word' id='word_1_72' title='bbox 482 922 664 969; x_wconf 84' lang='lat' dir='ltr'><strong>ingratum</strong></span> <span class='ocrx_word' id='word_1_73' title='bbox 699 930 819 959; x_wconf 86' lang='lat' dir='ltr'><strong>autem</strong></span> <span class='ocrx_word' id='word_1_74' title='bbox 849 921 976 959; x_wconf 88' lang='lat' dir='ltr'><strong>Caini.</strong></span> <span class='ocrx_word' id='word_1_75' title='bbox 1029 921 1152 958; x_wconf 85' lang='lat' dir='ltr'><strong>Multa</strong></span> <span class='ocrx_word' id='word_1_76' title='bbox 1183 921 1255 957; x_wconf 89' lang='lat' dir='ltr'><strong>hu-</strong></span> 
     </span>
     <span class='ocr_line' id='line_1_12' title="bbox 132 991 1257 1043; baseline -0.004 -11"><span class='ocrx_word' id='word_1_77' title='bbox 132 992 196 1043; x_wconf 73' lang='lat' dir='ltr'><strong>ius</strong></span> <span class='ocrx_word' id='word_1_78' title='bbox 230 991 284 1031; x_wconf 88' lang='lat' dir='ltr'><strong>rei</strong></span> <span class='ocrx_word' id='word_1_79' title='bbox 318 992 484 1041; x_wconf 85' lang='lat' dir='ltr'><strong>exempla</strong></span> <span class='ocrx_word' id='word_1_80' title='bbox 525 991 692 1040; x_wconf 85' lang='lat' dir='ltr'><strong>proferre</strong></span> <span class='ocrx_word' id='word_1_81' title='bbox 726 992 940 1040; x_wconf 84' lang='lat' dir='ltr'><strong>possimus,</strong></span> <span class='ocrx_word' id='word_1_82' title='bbox 994 991 1059 1029; x_wconf 90' lang='lat' dir='ltr'><strong>sed</strong></span> <span class='ocrx_word' id='word_1_83' title='bbox 1096 991 1257 1038; x_wconf 88' lang='lat' dir='ltr'><strong>quisque</strong></span> 
     </span>
     <span class='ocr_line' id='line_1_13' title="bbox 137 1062 1262 1112; baseline -0.001 -12"><span class='ocrx_word' id='word_1_84' title='bbox 137 1062 204 1110; x_wconf 88' lang='lat' dir='ltr'><strong>qui</strong></span> <span class='ocrx_word' id='word_1_85' title='bbox 230 1062 389 1112; x_wconf 88' lang='lat' dir='ltr'><strong>Josephi</strong></span> <span class='ocrx_word' id='word_1_86' title='bbox 427 1062 566 1111; x_wconf 87' lang='lat' dir='ltr'><strong>scripta</strong></span> <span class='ocrx_word' id='word_1_87' title='bbox 605 1070 772 1100; x_wconf 85' lang='lat' dir='ltr'><strong>accurate</strong></span> <span class='ocrx_word' id='word_1_88' title='bbox 807 1062 920 1112; x_wconf 82' lang='lat' dir='ltr'><strong>legit,</strong></span> <span class='ocrx_word' id='word_1_89' title='bbox 974 1069 1009 1099; x_wconf 91' lang='lat' dir='ltr'><strong>et</strong></span> <span class='ocrx_word' id='word_1_90' title='bbox 1043 1062 1089 1099; x_wconf 87' lang='lat' dir='ltr'><strong>ad</strong></span> <span class='ocrx_word' id='word_1_91' title='bbox 1123 1062 1262 1099; x_wconf 83' lang='lat' dir='ltr'><strong>hancce</strong></span> 
     </span>
     <span class='ocr_line' id='line_1_14' title="bbox 137 1132 1261 1181; baseline 0.001 -12"><span class='ocrx_word' id='word_1_92' title='bbox 137 1140 303 1170; x_wconf 84' lang='lat' dir='ltr'><strong>nostram</strong></span> <span class='ocrx_word' id='word_1_93' title='bbox 335 1132 635 1171; x_wconf 81' lang='lat' dir='ltr'><strong>observationem</strong></span> <span class='ocrx_word' id='word_1_94' title='bbox 665 1133 761 1171; x_wconf 89' lang='lat' dir='ltr'><strong>bene</strong></span> <span class='ocrx_word' id='word_1_95' title='bbox 793 1133 979 1181; x_wconf 77' lang='lat' dir='ltr'><strong>attendit,</strong></span> <span class='ocrx_word' id='word_1_96' title='bbox 1017 1134 1150 1171; x_wconf 84' lang='lat' dir='ltr'><strong>haecce</strong></span> <span class='ocrx_word' id='word_1_97' title='bbox 1181 1144 1261 1170; x_wconf 86' lang='lat' dir='ltr'><strong>om-</strong></span> 
     </span>
     <span class='ocr_line' id='line_1_15' title="bbox 138 1202 1260 1253; baseline 0 -12"><span class='ocrx_word' id='word_1_98' title='bbox 138 1202 200 1241; x_wconf 87' lang='lat' dir='ltr'><strong>nia</strong></span> <span class='ocrx_word' id='word_1_99' title='bbox 235 1202 343 1240; x_wconf 87' lang='lat' dir='ltr'><strong>facile</strong></span> <span class='ocrx_word' id='word_1_100' title='bbox 376 1203 643 1246; x_wconf 77' lang='lat' dir='ltr'><strong>animadvertet</strong></span> <span class='ocrx_word' id='word_1_101' title='bbox 670 1203 759 1253; x_wconf 78' lang='lat'><em>(1).</em></span> <span class='ocrx_word' id='word_1_102' title='bbox 816 1203 994 1253; x_wconf 72' lang='lat' dir='ltr'><strong>Quamvis</strong></span> <span class='ocrx_word' id='word_1_103' title='bbox 1031 1205 1152 1252; x_wconf 80' lang='lat' dir='ltr'><strong>igitar</strong></span> <span class='ocrx_word' id='word_1_104' title='bbox 1187 1203 1260 1251; x_wconf 83' lang='lat' dir='ltr'><strong>Jo-</strong></span> 
     </span>
     <span class='ocr_line' id='line_1_16' title="bbox 141 1272 1262 1324; baseline 0 -14"><span class='ocrx_word' id='word_1_105' title='bbox 141 1273 269 1324; x_wconf 81' lang='lat' dir='ltr'><strong>sephas</strong></span> <span class='ocrx_word' id='word_1_106' title='bbox 311 1272 484 1312; x_wconf 78' lang='lat' dir='ltr'><strong>dicendus</strong></span> <span class='ocrx_word' id='word_1_107' title='bbox 518 1275 567 1311; x_wconf 86' lang='lat' dir='ltr'><strong>sit</strong></span> <span class='ocrx_word' id='word_1_108' title='bbox 597 1274 852 1324; x_wconf 76' lang='lat' dir='ltr'><strong>philosophari</strong></span> <span class='ocrx_word' id='word_1_109' title='bbox 881 1273 926 1311; x_wconf 82' lang='lat' dir='ltr'><strong>de</strong></span> <span class='ocrx_word' id='word_1_110' title='bbox 957 1273 1262 1324; x_wconf 72' lang='lat' dir='ltr'><strong>Antiquitatibus</strong></span> 
     </span>
     <span class='ocr_line' id='line_1_17' title="bbox 139 1341 1264 1392; baseline 0 -13"><span class='ocrx_word' id='word_1_111' title='bbox 139 1341 360 1390; x_wconf 80' lang='lat' dir='ltr'><strong>Hebraicis,</strong></span> <span class='ocrx_word' id='word_1_112' title='bbox 391 1343 471 1381; x_wconf 83' lang='lat' dir='ltr'><strong>ideo</strong></span> <span class='ocrx_word' id='word_1_113' title='bbox 501 1351 626 1381; x_wconf 81' lang='lat' dir='ltr'><strong>tamen</strong></span> <span class='ocrx_word' id='word_1_114' title='bbox 661 1346 808 1382; x_wconf 81' lang='lat' dir='ltr'><strong>intacta</strong></span> <span class='ocrx_word' id='word_1_115' title='bbox 848 1353 973 1382; x_wconf 82' lang='lat' dir='ltr'><strong>manet</strong></span> <span class='ocrx_word' id='word_1_116' title='bbox 1007 1344 1084 1392; x_wconf 64' lang='lat' dir='ltr'><em>cy&#39;us</em></span> <span class='ocrx_word' id='word_1_117' title='bbox 1107 1345 1146 1380; x_wconf 83' lang='lat' dir='ltr'><strong>in</strong></span> <span class='ocrx_word' id='word_1_118' title='bbox 1172 1355 1264 1380; x_wconf 79' lang='lat' dir='ltr'><strong>nar·</strong></span> 
     </span>
     <span class='ocr_line' id='line_1_18' title="bbox 139 1398 1152 1462; baseline 0 -9"><span class='ocrx_word' id='word_1_119' title='bbox 139 1413 273 1454; x_wconf 81' lang='lat' dir='ltr'><strong>randis</strong></span> <span class='ocrx_word' id='word_1_120' title='bbox 303 1413 410 1452; x_wconf 78' lang='lat' dir='ltr'><strong>rebus</strong></span> <span class='ocrx_word' id='word_1_121' title='bbox 439 1412 546 1462; x_wconf 77' lang='lat' dir='ltr'><strong>fides.</strong></span> <span class='ocrx_word' id='word_1_122' title='bbox 1149 1398 1152 1401; x_wconf 81' lang='lat'>.</span> 
     </span>
    </p>
   </div>
   <div class='ocr_carea' id='block_1_3' title="bbox 636 1567 766 1615">
    <p class='ocr_par' dir='ltr' id='par_1_3' title="bbox 636 1567 766 1615">
     <span class='ocr_line' id='line_1_19' title="bbox 636 1567 766 1615; baseline 0 -11"><span class='ocrx_word' id='word_1_123' title='bbox 636 1567 674 1615; x_wconf 76' lang='lat'><strong>§-</strong></span> <span class='ocrx_word' id='word_1_124' title='bbox 728 1579 766 1604; x_wconf 86' lang='lat'><strong>2.</strong></span> 
     </span>
    </p>
   </div>
   <div class='ocr_carea' id='block_1_4' title="bbox 267 1707 1135 1817">
    <p class='ocr_par' dir='ltr' id='par_1_4' title="bbox 267 1707 1135 1817">
     <span class='ocr_line' id='line_1_20' title="bbox 267 1707 1135 1758; baseline 0 -12"><span class='ocrx_word' id='word_1_125' title='bbox 267 1708 373 1746; x_wconf 82' lang='lat' dir='ltr'><strong>Num</strong></span> <span class='ocrx_word' id='word_1_126' title='bbox 408 1707 591 1758; x_wconf 79' lang='lat' dir='ltr'><strong>Joseplzus</strong></span> <span class='ocrx_word' id='word_1_127' title='bbox 625 1709 724 1746; x_wconf 82' lang='lat' dir='ltr'><strong>omni</strong></span> <span class='ocrx_word' id='word_1_128' title='bbox 756 1707 857 1745; x_wconf 78' lang='lat' dir='ltr'><em>modo</em></span> <span class='ocrx_word' id='word_1_129' title='bbox 884 1710 1006 1756; x_wconf 79' lang='lat' dir='ltr'><strong>gentls</strong></span> <span class='ocrx_word' id='word_1_130' title='bbox 1040 1709 1135 1747; x_wconf 76' lang='lat' dir='ltr'><strong>vitia</strong></span> 
     </span>
     <span class='ocr_line' id='line_1_21' title="bbox 418 1779 985 1817; baseline 0.002 -1"><span class='ocrx_word' id='word_1_131' title='bbox 418 1779 652 1817; x_wconf 65' lang='lat' dir='ltr'><strong>excusaverit</strong></span> <span class='ocrx_word' id='word_1_132' title='bbox 688 1787 724 1815; x_wconf 81' lang='lat' dir='ltr'><strong>et</strong></span> <span class='ocrx_word' id='word_1_133' title='bbox 756 1779 949 1816; x_wconf 71' lang='lat' dir='ltr'><strong>sustulerit</strong></span> <span class='ocrx_word' id='word_1_134' title='bbox 962 1781 985 1817; x_wconf 76' lang='lat'><em>?</em></span> 
     </span>
    </p>
   </div>
   <div class='ocr_carea' id='block_1_5' title="bbox 6 1905 1264 2460">
    <p class='ocr_par' dir='ltr' id='par_1_5' title="bbox 6 1905 1264 2460">
     <span class='ocr_line' id='line_1_22' title="bbox 192 1905 1263 1961; baseline 0 -13"><span class='ocrx_word' id='word_1_135' title='bbox 192 1905 348 1956; x_wconf 82' lang='lat' dir='ltr'><strong>Cuique</strong></span> <span class='ocrx_word' id='word_1_136' title='bbox 380 1908 585 1957; x_wconf 87' lang='lat' dir='ltr'><strong>scriptori,</strong></span> <span class='ocrx_word' id='word_1_137' title='bbox 623 1910 678 1947; x_wconf 89' lang='lat' dir='ltr'><strong>uti</strong></span> <span class='ocrx_word' id='word_1_138' title='bbox 712 1910 850 1958; x_wconf 84' lang='lat' dir='ltr'><strong>cuique</strong></span> <span class='ocrx_word' id='word_1_139' title='bbox 880 1911 1022 1949; x_wconf 87' lang='lat' dir='ltr'><strong>homini</strong></span> <span class='ocrx_word' id='word_1_140' title='bbox 1063 1911 1263 1961; x_wconf 78' lang='lat' dir='ltr'><strong>generatim</strong></span> 
     </span>
     <span class='ocr_line' id='line_1_23' title="bbox 142 1975 1264 2029; baseline 0.005 -15"><span class='ocrx_word' id='word_1_141' title='bbox 142 1975 241 2015; x_wconf 87' lang='lat' dir='ltr'><strong>inest</strong></span> <span class='ocrx_word' id='word_1_142' title='bbox 275 1988 380 2016; x_wconf 83' lang='lat' dir='ltr'><strong>amor</strong></span> <span class='ocrx_word' id='word_1_143' title='bbox 414 1979 551 2028; x_wconf 83' lang='lat' dir='ltr'><strong>patriae</strong></span> <span class='ocrx_word' id='word_1_144' title='bbox 581 1991 803 2028; x_wconf 85' lang='lat' dir='ltr'><strong>semperque</strong></span> <span class='ocrx_word' id='word_1_145' title='bbox 835 1981 907 2019; x_wconf 87' lang='lat' dir='ltr'><strong>iste</strong></span> <span class='ocrx_word' id='word_1_146' title='bbox 936 1981 1082 2029; x_wconf 86' lang='lat' dir='ltr'><strong>quidem</strong></span> <span class='ocrx_word' id='word_1_147' title='bbox 1114 1982 1264 2020; x_wconf 86' lang='lat' dir='ltr'><strong>laudan-</strong></span> 
     </span>
     <span class='ocr_line' id='line_1_24' title="bbox 141 2047 1263 2100; baseline 0.004 -14"><span class='ocrx_word' id='word_1_148' title='bbox 141 2047 230 2087; x_wconf 82' lang='lat' dir='ltr'><strong>dus.</strong></span> <span class='ocrx_word' id='word_1_149' title='bbox 309 2049 409 2087; x_wconf 89' lang='lat' dir='ltr'><strong>Hinc</strong></span> <span class='ocrx_word' id='word_1_150' title='bbox 453 2058 592 2098; x_wconf 87' lang='lat' dir='ltr'><strong>sponte</strong></span> <span class='ocrx_word' id='word_1_151' title='bbox 640 2051 719 2100; x_wconf 87' lang='lat' dir='ltr'><strong>ejus</strong></span> <span class='ocrx_word' id='word_1_152' title='bbox 755 2051 963 2090; x_wconf 71' lang='lat' dir='ltr'><strong>,historiam</strong></span> <span class='ocrx_word' id='word_1_153' title='bbox 1002 2051 1263 2100; x_wconf 86' lang='lat' dir='ltr'><strong>pulcherrimis</strong></span> 
     </span>
     <span class='ocr_line' id='line_1_25' title="bbox 6 2110 1264 2193; baseline 0.002 -38"><span class='ocrx_word' id='word_1_154' title='bbox 6 2168 10 2193; x_wconf 53' lang='grc' dir='ltr'>Ι</span> <span class='ocrx_word' id='word_1_155' title='bbox 144 2118 337 2158; x_wconf 88' lang='lat' dir='ltr'><strong>coloribus</strong></span> <span class='ocrx_word' id='word_1_156' title='bbox 372 2120 495 2169; x_wconf 90' lang='lat' dir='ltr'><strong>pingit</strong></span> <span class='ocrx_word' id='word_1_157' title='bbox 525 2129 561 2158; x_wconf 89' lang='lat' dir='ltr'><strong>et</strong></span> <span class='ocrx_word' id='word_1_158' title='bbox 586 2120 632 2159; x_wconf 84' lang='lat' dir='ltr'><strong>ab</strong></span> <span class='ocrx_word' id='word_1_159' title='bbox 655 2122 795 2169; x_wconf 83' lang='lat' dir='ltr'><strong>optima</strong></span> <span class='ocrx_word' id='word_1_160' title='bbox 818 2131 923 2171; x_wconf 83' lang='lat' dir='ltr'><strong>parte</strong></span> <span class='ocrx_word' id='word_1_161' title='bbox 949 2110 1144 2171; x_wconf 81' lang='lat' dir='ltr'><strong>proponit.</strong></span> <span class='ocrx_word' id='word_1_162' title='bbox 1183 2122 1264 2160; x_wconf 90' lang='lat' dir='ltr'><strong>Ubi</strong></span> 
     </span>
     <span class='ocr_line' id='line_1_26' title="bbox 1194 2204 1263 2242; baseline 0 0"><span class='ocrx_word' id='word_1_163' title='bbox 1194 2204 1263 2242; x_wconf 82' lang='grc' dir='ltr'><strong>ΡΟ·</strong></span> 
     </span>
     <span class='ocr_line' id='line_1_27' title="bbox 7 2195 1193 2460; baseline 0.003 -145"><span class='ocrx_word' id='word_1_164' title='bbox 7 2195 33 2460; x_wconf 47' lang='lat' dir='ltr'><strong>x&#39;</strong></span> <span class='ocrx_word' id='word_1_165' title='bbox 188 2283 239 2325; x_wconf 86' lang='lat'><strong>(1)</strong></span> <span class='ocrx_word' id='word_1_166' title='bbox 261 2287 309 2318; x_wconf 89' lang='lat' dir='ltr'><strong>Cf.</strong></span> <span class='ocrx_word' id='word_1_167' title='bbox 328 2288 361 2325; x_wconf 86' lang='lat' dir='ltr'><strong>J.</strong></span> <span class='ocrx_word' id='word_1_168' title='bbox 383 2288 421 2319; x_wconf 89' lang='lat' dir='ltr'><strong>A.</strong></span> <span class='ocrx_word' id='word_1_169' title='bbox 443 2289 582 2326; x_wconf 80' lang='lat' dir='ltr'><strong>Ernesti,</strong></span> <span class='ocrx_word' id='word_1_170' title='bbox 606 2291 704 2325; x_wconf 83' lang='lat' dir='ltr'><strong>opuc.</strong></span> <span class='ocrx_word' id='word_1_171' title='bbox 728 2289 805 2320; x_wconf 88' lang='lat' dir='ltr'><strong>Phil.</strong></span> <span class='ocrx_word' id='word_1_172' title='bbox 829 2297 860 2319; x_wconf 85' lang='lat' dir='ltr'><strong>et</strong></span> <span class='ocrx_word' id='word_1_173' title='bbox 882 2289 958 2321; x_wconf 75' lang='lat' dir='ltr'><strong>Crit,</strong></span> <span class='ocrx_word' id='word_1_174' title='bbox 979 2298 1010 2326; x_wconf 89' lang='lat' dir='ltr'><strong>p.</strong></span> <span class='ocrx_word' id='word_1_175' title='bbox 1033 2294 1101 2328; x_wconf 77' lang='lat'>384.</span> <span class='ocrx_word' id='word_1_176' title='bbox 1126 2298 1193 2326; x_wconf 85' lang='lat' dir='ltr'><strong>sqq.</strong></span> 
     </span>
    </p>
   </div>
  </div>
 </body>
</html>
