1544 2693
308 199 380 229 XX

319 299 375 343 R.
405 309 509 342 vAN
527 295 703 350 REES,
744 295 890 339 diebus
930 295 1075 348 lunae,
1117 295 1283 348 martis,
1323 293 1428 346 iovis

319 376 360 413 et
385 368 568 421 veneris,
597 366 707 410 hora
733 366 786 409 X.

373 446 693 489 Mechanicam
724 445 1006 498 analyticam
1047 443 1103 487 R.
1126 456 1232 487 VAN
1250 438 1400 486 REES
1416 469 1431 490 ‚

319 515 466 561 diebus
491 514 633 567 lunae,
655 511 824 565 martis,
840 511 944 557 iovis
965 520 1005 557 et
1019 513 1179 558 veneris
1195 544 1206 565 ,
1230 512 1337 556 hora
1351 510 1428 556 IX.

377 593 628 647 Physicam
642 591 1042 645 experimentalem
1063 589 1114 634 G.
1127 588 1289 634 MOLL
1302 620 1316 642 ,
1337 587 1431 632 die-

319 663 399 707 bus
423 662 563 715 lunae,
594 659 758 713 martis,
789 659 896 704 iovis
924 666 963 704 et
990 659 1176 714 veneris,
1206 659 1314 702 hora
1335 659 1370 704 Ι.

374 739 699 783 Astronomiae
725 738 914 794 primas
945 738 1134 779 notitias
1173 736 1226 780 G.
1240 734 1430 787 MOLL,

322 808 468 853 diebus
494 808 639 861 lunae,
687 807 860 860 martis,
900 805 1005 850 iovis
1041 813 1082 850 et
1116 806 1304 860 veneris,
1347 805 1434 849 ho-

320 894 368 924 ra
402 879 475 923 IX.
516 878 580 923 vel
610 877 711 931 alia,
741 876 1000 920 auditoribus
1030 876 1163 934 magis
1190 875 1427 920 commoda.

374 956 722 1000 Astronomiam
758 955 1056 996 theoreticam
1093 961 1138 994 et
1168 954 1431 1009 practicam

319 1025 569 1078 G.MOLL,
597 1023 744 1067 iisdem
770 1021 943 1075 diebus,
973 1021 1079 1065 hora
1102 1021 1178 1065 III.

374 1104 616 1145 Elementa
644 1101 1046 1155 IIydroteclzniae,
1077 1097 1132 1142 ad
1165 1104 1428 1157 praesentem

318 1171 597 1216 conditionem
640 1170 804 1214 Patriae
843 1168 1076 1227 adplicata,
1134 1167 1171 1212 si
1216 1167 1428 1212 sufficiens

316 1257 511 1286 numerus
553 1240 789 1284 auditorum
830 1239 964 1293 adsit,
1019 1238 1180 1296 belgico
1213 1253 1426 1291 sermone,

318 1320 498 1372 exponet
527 1312 577 1356 G.
593 1311 755 1356 MOLL
772 1342 784 1363 ‚
825 1309 932 1354 hora
962 1310 1158 1368 deinceps
1186 1309 1426 1355 indicanda.

375 1391 608 1432 Chemiam
629 1391 893 1444 generalem
920 1395 964 1429 et
988 1390 1276 1443 applicatam
1308 1387 1359 1431 N.
1375 1386 1422 1432 C.

316 1474 380 1504 DE
405 1459 714 1511 FREMERY,
759 1458 904 1502 diebus
933 1458 1075 1511 lunae,
1105 1457 1277 1512 martis,
1307 1472 1425 1503 mer-

316 1530 421 1574 curii
444 1537 484 1574 et
507 1529 629 1582 iovis,
661 1528 765 1572 hora
783 1528 879 1573 XH.

372 1609 613 1650 Elementa
634 1607 844 1648 Chemiae
865 1605 1017 1661 Regni
1037 1607 1247 1660 organici
1269 1604 1372 1652 P.J.
1389 1606 1424 1652 I.

316 1693 380 1721 DE
406 1676 714 1728 FREMERY,
766 1675 910 1719 diebus
953 1675 1196 1719 veneriset
1236 1675 1420 1730 saturni,

315 1747 423 1791 hora
449 1746 542 1790 XM.

373 1820 604 1859 Cliemiam
645 1818 824 1859 artibus
862 1818 1116 1858 adhibitam
1153 1817 1201 1862 P.
1228 1816 1267 1861 J.
1292 1817 1324 1862 Ι.
1355 1834 1420 1863 DE

313 1886 623 1939 FREMERY‚
680 1887 744 1930 die
781 1887 951 1940 martis,
988 1887 1094 1930 horn
1131 1887 1419 1945 pomeridiana

309 1958 511 2002 VI-Vlll.

371 2028 452 2081 lis,
484 2028 555 2085 qui
585 2027 845 2072 instituendis
875 2027 1187 2085 operationibus
1223 2028 1419 2074 chemicis

313 2112 485 2158 operam
528 2100 627 2144 dare
674 2100 869 2158 cupiunt,
917 2098 1098 2158 praeerit
1142 2099 1189 2142 P.
1216 2098 1255 2143 J.
1285 2100 1319 2144 I.
1350 2115 1416 2145 DE

311 2168 618 2222 FREMERY,
649 2170 717 2214 die
744 2169 926 2218 saturni,
959 2169 1064 2212 hora
1094 2169 1167 2214 IX.
1199 2169 1253 2213 ad
1283 2170 1356 2216 XI.

371 2247 637 2289 Botamcam
679 2256 722 2290 et
752 2249 1099 2302 Physiologiam
1140 2250 1414 2301 plantarum
