1544 2693
540 172 922 219 ORATIO.
1231 169 1288 211 29

190 321 236 360 ut
263 312 447 365 diceres,
466 324 558 355 eum
584 309 708 353 vitam
734 308 924 363 viresque
944 305 981 348 T
986 302 1202 360 heologiae
1224 301 1295 344 di-

195 411 324 443 casse.
340 403 406 445 (19)
440 393 550 438 Sane
576 391 674 435 nulli
697 390 884 450 pepercit
904 388 1065 441 labori,
1094 401 1178 443 quo
1193 385 1294 429 reli-

195 479 309 541 gioni
322 477 524 539 prodesse
548 481 715 534 poterat
731 481 769 518 et
785 473 1056 517 Reformatae
1070 468 1294 513 Ecclesiae.

252 564 403 608 Nonne
429 560 505 606 viri
522 558 728 603 modestia
751 555 942 600 inclaruit
967 554 1087 598 simul
1110 559 1150 597 et
1172 551 1300 595 ardor

195 649 240 693 in
267 645 523 706 Hymnorum
544 640 841 685 Davidieorum
868 636 1090 681 scribenda
1113 636 1303 679 versione

198 730 436 792 rythmica?
487 725 570 783 Qui
597 722 704 767 enim
732 722 783 766 de
810 720 1000 765 Ecclesia
1020 719 1190 778 Belgica
1211 720 1306 762 Re-

199 818 401 867 formata,
425 811 504 855 rite
532 802 802 860 stabilienda,
827 821 908 850 una
932 820 1024 850 cum
1049 803 1306 863 Republica,

202 898 400 946 sollicitus
440 901 529 940 erat
567 891 798 938 Marnixius
814 923 826 944 ,
867 890 936 933 hic
968 890 1121 933 cultum
1152 887 1312 932 Refor-

203 990 409 1029 matorum
448 992 611 1022 sacrum
648 975 726 1019 rite
755 972 967 1017 moderari
997 969 1167 1015 studuit.
1216 969 1312 1013 Non

207 1082 230 1112 e
259 1064 447 1111 versione
469 1059 702 1105 versionem
729 1057 922 1115 scripsit,
955 1056 1028 1100 sed
1052 1069 1151 1099 vero
1175 1069 1196 1098 e
1211 1058 1315 1098 'ser-

207 1163 332 1195 mone
360 1146 573 1191 Hebra'ico
602 1142 664 1187 vir
693 1142 759 1186 ille
783 1140 978 1200 politicus
1003 1140 1192 1183 Psalmos
1218 1153 1316 1182 ver-

207 1236 258 1280 tit
287 1231 542 1283 Davidicos,
583 1241 738 1283 eosque
774 1233 910 1268 metro
949 1223 1126 1281 Belgicis
1169 1222 1320 1266 Chris-

208 1317 333 1364 tianis
362 1313 523 1360 obtulit.
585 1310 702 1356 Licet
745 1323 842 1353 vero
883 1311 1080 1367 poemata
1124 1306 1322 1351 Marnixii

210 1400 388 1462 rythmis
428 1395 705 1442 Dathenianis
744 1393 1021 1453 praeferenda
1061 1399 1223 1445 essent,
1259 1393 1321 1436 vel

213 1485 440 1530 sic’tamen
469 1479 529 1524 vis
561 1485 600 1522 et
623 1477 848 1521 auctoritas
874 1477 989 1520 Petri
1011 1475 1193 1519 Datheni
1221 1489 1325 1519 auc-

212 1566 422 1612 toritatem
454 1558 773 1605 ecclesiasticam
805 1558 918 1601 hisce
951 1558 1214 1611 conciliavit,
1246 1573 1326 1602 ne-

208 1648 326 1709 gavit
359 1646 463 1700 illis3
504 1642 619 1702 quod
662 1648 801 1686 tamen
841 1656 927 1685 non
973 1656 1094 1699 aegre
1131 1641 1221 1685 tulit
1266 1642 1329 1685 vir

217 1733 382 1794 sapiens
423 1729 535 1775 idem
579 1735 619 1771 et
647 1726 765 1786 pius;
811 1740 949 1782 neque,
985 1725 1056 1771 tali
1096 1726 1327 1771 ducebatur

218 1815 392 1862 honoris
436 1811 574 1857 studio
618 1817 658 1854 et
700 1808 997 1862 aemulatione,
1057 1816 1102 1852 ut
1145 1808 1328 1853 infausto

221 1899 359 1961 operis
381 1910 574 1943 successu
598 1894 651 1938 ab
678 1907 728 1937 eo
753 1907 798 1936 se
823 1891 992 1937 avocari
1009 1899 1224 1950 pateretur
1240 1902 1325 1942 (20).

276 2067 393 2113 Haec
423 2077 522 2109 vero
560 2061 679 2106 facile
707 2074 785 2104 nos
814 2060 868 2104 ad
898 2060 1011 2104 illum
1045 2060 1226 2116 ducunt,
1262 2065 1329 2107 ul-

220 2155 322 2199 timo
352 2151 460 2196 vitae
489 2145 625 2192 stadio
656 2151 901 2190 versantem.
962 2144 1059 2201 Quo
1088 2144 1195 2188 enim
1218 2153 1330 2190 tem-

223 2252 327 2297 pore
351 2235 395 2278 in
424 2231 607 2278 curanda
639 2244 745 2276 nova
780 2227 944 2286 Belgica
975 2228 1161 2274 versione
1197 2229 1331 2274 Codi-
