1487 2703
389 185 922 243 ssLlTERARlA.
1175 201 1219 237 σι

166 317 280 356 Paulo
300 323 387 364 post
404 313 656 362 Vespasianus
681 311 898 351 Caesaream
922 309 1115 358 profectus
1140 316 1224 353 est,

110 386 318 437 Josephum
352 395 474 422 secum
493 393 618 431 agens
635 410 649 430 ,
676 391 712 419 et
744 380 910 428 quamvis
940 380 1048 418 multi
1077 389 1122 416 ex
1145 378 1225 417 Ga-

111 455 233 497 lilaeis
270 454 383 504 hujus
434 461 587 491 mortem
625 459 816 499 peterent,
868 458 988 487 tamen
1035 449 1068 485 ei
1112 447 1226 486 vitam

118 525 296 566 servavit.
348 525 449 563 Haec
480 531 601 560 autem
636 522 758 558 omnia
788 522 915 563 locum
937 518 1146 556 habuerunt
1166 528 1231 555 an·

119 606 170 634 no
202 594 356 646 Josephi
388 593 516 632 aetatis
554 591 766 638 tricesimo,
795 603 834 637 p.
864 590 914 627 C.
942 600 982 626 n.
1009 588 1204 627 LXVHto.

170 661 502 711 Hierosolymitani
532 672 616 698 cum
648 658 878 697 audivissent
913 668 1008 705 quae
1037 658 1231 706 Jotapatae

119 734 354 780 acciderant,
380 731 501 780 primo
525 730 704 780 putabant
729 729 935 778 Josephum
971 727 1010 763 in
1044 725 1235 765 communi

123 804 289 843 omnium
325 802 529 840 incolarum
564 799 665 837 clade
699 798 805 836 etiam
845 795 1081 835 interfectum
1122 806 1236 843 esse,

121 884 333 924 magnoque
360 883 442 910 eum
470 871 599 910 dolore
630 868 822 917 lugebant.
874 868 972 907 Cum
1007 875 1128 905 autem
1151 865 1238 904 dein

126 945 173 983 de
207 945 287 994 eJ‘us
325 941 401 981 vita
433 942 609 979 certiores
642 938 732 977 facti
766 946 924 983 essent,
963 947 1125 984 eumque¹
1152 947 1237 974 cum

125 1013 308 1067 Romanis
342 1022 426 1050 esse
445 1039 458 1058 ‚
514 1018 746 1057 mortemque
785 1007 964 1056 effugisse
1003 1005 1242 1045 rescivissent

126 1094 170 1122 ac
204 1094 317 1132 supra
350 1080 491 1131 captivi
526 1079 713 1118 fortunam
746 1079 791 1116 ab
827 1078 1003 1116 hostibus
1042 1076 1239 1125 honorari,

128 1153 256 1193 eodem
278 1152 430 1199 animo,
457 1161 534 1199 quo
562 1161 647 1188 eum
671 1157 863 1188 mortuum
888 1146 1089 1197 lugebant,
1115 1145 1244 1186 viven-

126 1230 205 1261 tem
240 1221 418 1271 indignati
445 1228 534 1259 sunt
560 1219 645 1270 (1).

609 1382 646 1430 §·
703 1393 762 1418 10.

236 1543 392 1594 Josephi
419 1554 477 1580 res
500 1547 626 1591 gestae
659 1546 818 1587 tempore
843 1533 1036 1575 obsidionis
1061 1534 1150 1572 Hic-

386 1597 392 1599 *
555 1609 830 1658 rosolymorum.

189 1773 509 1823 Caesareanum
533 1773 726 1822 Josephus
759 1783 779 1809 a
807 1770 988 1809 Romanis
1021 1777 1153 1819 captus
1173 1779 1250 1808 ser-

138 1845 326 1894 vabatur,
372 1856 439 1895 per
477 1843 630 1891 aliquod
664 1851 813 1891 tempus
850 1840 1010 1888 mansit;
1050 1850 1194 1888 semper
1227 1850 1249 1877 a

138 1917 371 1966 Vespasiano
402 1915 442 1953 in
474 1915 619 1952 honore
661 1911 809 1951 habitu-s
847 1918 930 1958 est,
969 1909 1055 1959 quia
1089 1908 1250 1947 mirabili

139 1987 252 2026 modo
296 1997 376 2025 sese
425 1995 546 2022 rerum
595 1980 917 2021 vicissitudinibus
973 1979 1250 2018 accommodare

140 2057 304 2105 sciebat,
357 2065 393 2095 et
432 2054 556 2093 onmia
599 2052 755 2092 faciebat
787 2063 883 2100 quae
915 2051 970 2089 illi
995 2058 1095 2098 grata
1128 2057 1247 2088 erant.

145 2129 225 2168 lmo
254 2128 357 2166 illius
382 2126 517 2175 jussu,
543 2134 697 2162 uxorem
728 2121 835 2161 duxit
869 2120 1077 2170 captivam,
1103 2118 1256 2157 natione

1184 2186 1252 2236 Ju-

189 2294 240 2331 (1)
259 2294 307 2323 Cf.
327 2295 406 2322 Bell.
428 2293 500 2329 Jud.
523 2292 576 2320 111.
598 2300 626 2327 9·
649 2291 676 2326 §.
698 2298 729 2319 Ι.
