1544 2693
293 157 348 200 50
511 153 689 198 HERM.
722 153 845 198 JoH.
881 152 1200 197 ROYAARDS

354 291 510 346 Quales
552 303 648 346 erga
692 287 825 332 Urbis
866 287 986 331 huius
1030 288 1188 332 incolas
1232 285 1405 331 foveatis

297 388 443 417 sensus
475 388 568 416 cum
591 372 756 430 publice
781 370 981 415 docuistis
1005 371 1243 430 spectaculo
1271 382 1408 430 pyro⁴

301 457 515 508 technieo,
548 468 634 511 quo
664 453 870 512 superiori
900 461 1055 498 aestate
1085 454 1305 498 honestam
1330 467 1410 497 vo-

300 541 366 584 bis
386 539 567 599 parastis
588 538 886 583 recreationem
894 556 906 592 3
935 545 1022 582 tum
1044 539 1280 596 probarunt
1301 536 1411 606 eives

302 623 568 674 Academici,
611 622 682 679 qui
713 622 898 666 nondum
928 622 1076 665 milites
1107 635 1197 666 esse
1225 621 1410 674 desiere,

304 723 387 765 quo
418 708 483 751 die
500 739 511 760 ‚
549 706 608 750 uti
636 721 710 750 vos
739 705 798 748 illi
827 713 947 749 antea
965 738 978 759 ‚
1006 705 1065 750 ita
1096 720 1169 750 vos
1195 704 1416 764 excepistis

305 793 415 835 cives
461 791 646 834 urbanos
693 796 902 843 armatos,
945 804 967 834 e
1000 789 1148 833 castris
1181 789 1416 834 redeuntes.

307 877 363 919 At
404 889 503 918 vero
542 880 639 916 sunt
681 874 842 931 majora
888 873 992 917 mihi
1041 873 1306 919 celebranda.
1370 873 1420 916 In

309 966 425 1003 tanto
454 957 736 1002 studiosorum
768 972 969 1011 numero,
999 959 1071 1014 qui
1101 957 1422 1015 quingentorum

314 1051 352 1087 et
372 1042 671 1099 quinquaginta
696 1041 780 1098 jam
808 1048 1005 1100 superat,
1038 1039 1220 1085 laetandi
1252 1054 1421 1085 causam

312 1128 422 1171 hanc
445 1126 624 1184 parastis
645 1132 684 1169 et
706 1124 808 1168 mihi
831 1125 1024 1178 Rectori,
1053 1132 1093 1168 et
1118 1125 1266 1169 ceteris
1290 1125 1426 1169 Prae-

314 1209 581 1270 ceptoribus‚
611 1208 726 1265 quod
750 1215 932 1253 vestrum
963 1208 1131 1267 plurimi
1152 1222 1316 1252 morum
1341 1208 1427 1253 ho-

316 1301 475 1338 nestate
493 1299 533 1336 et
553 1293 764 1336 literarum
785 1292 931 1336 studiis
955 1307 1044 1337 sese
1066 1292 1424 1337 commendarunt.

315 1379 435 1422 Hanc
456 1392 530 1422 vos
547 1376 741 1437 pietatem
762 1377 908 1421 colatis
921 1409 933 1431 ,
962 1377 1298 1421 commilitones!
1334 1376 1428 1421 Hoc

317 1461 482 1505 tramite
520 1461 724 1519 pergatis,
765 1468 811 1504 ut
849 1461 986 1505 studia
1013 1468 1150 1505 vestra
1177 1460 1431 1505 Academica

321 1547 478 1589 fruetus
521 1545 656 1588 ferant
699 1544 866 1588 Patriae
903 1543 1151 1588 uberrimos.
1225 1542 1433 1602 Exemplo

322 1630 442 1673 vobis
468 1628 734 1688 praeiverunt
759 1628 842 1672 duo
873 1627 1215 1680 Commifflones,
1253 1641 1432 1683 quorum

322 1714 504 1772 vestigiis
545 1713 774 1766 insistatis,
826 1712 1004 1769 quique,
1040 1703 1186 1756 vixex
1212 1711 1439 1756 Academia

326 1798 609 1851 discedentes,
664 1796 870 1856 superiori
922 1810 1033 1840 anno
1086 1797 1141 1840 ad
1184 1795 1437 1841 Cathedram

327 1888 423 1925 sunt
467 1881 653 1932 admoti,
696 1881 749 1923 ad
794 1881 1112 1938 Groninganam
1146 1879 1439 1926 Cornelius

329 1965 462 2009 Star
491 1964 728 2019 Numam
771 1965 824 2007 ad
856 1964 1197 2009 Daventriensem
1240 1966 1441 2010 Petrus

333 2050 458 2093 Otto
490 2048 771 2093 Conrndus
804 2049 1162 2094 Vorsselman
1191 2049 1250 2093 de
1278 2048 1442 2103 Heer,

333 2133 483 2191 quibus
525 2132 636 2176 Viris
674 2132 923 2178 Clarissimis
959 2134 1141 2178 honores
1175 2133 1354 2192 adeptos
1394 2148 1442 2178 ex

334 2218 471 2262 animo
501 2218 697 2274 gratulor.
