1487 2703
378 156 1078 204 ssoTANrco-oncoNomch.
1233 176 1303 214 135

178 268 340 313 tuber-osi
376 268 561 318 liquorem
605 271 798 319 quemdam
842 272 1118 321 praeparavisse
1155 284 1263 321 quem
1280 301 1294 321 ,

177 348 353 379 monente
375 352 529 389 quoque
549 341 735 389 Dunal,
763 341 892 380 Mobbi
923 351 959 380 et
987 341 1114 392 Jetici
1129 344 1297 382 nomina-

176 419 329 450 verunt.
376 410 567 449 Pertinent
588 409 702 459 igitur
728 411 841 461 hujus
861 411 1088 450 inventionis
1109 412 1297 451 rudimen-

177 489 216 520 ta
241 482 287 520 ad
311 489 481 530 tempora
495 481 560 520 diu
582 481 656 531 jam
672 481 820 530 elapsa;
836 481 972 520 sensim
998 481 1214 530 sensimque
1236 494 1300 520 ve·

177 561 221 588 ro
251 550 541 600 praeparationis
569 550 769 606 methodus
792 551 948 590 increvit
969 552 1014 590 ad
1028 550 1296 600 perfectionem

178 621 324 669 qualem
361 620 503 659 nostris
530 620 763 669 temporibus
789 621 1060 670 conspicimus.
1097 622 1299 669 Praecipue

178 698 302 730 tamen
328 690 475 730 obtinet
502 690 542 729 in
566 691 660 730 locis
687 690 753 730 ubi
772 691 902 730 Solam·
926 690 1088 730 tuberosi
1112 692 1296 730 culturam

178 760 330 810 majoris
355 761 533 800 momenti
556 759 721 808 faciunt,
754 761 831 799 imo
864 769 1037 799 statuunt
1062 772 1148 800 cum
1174 770 1301 800 exten-

177 829 287 868 sione
303 830 405 868 illius
427 832 596 868 culturae
611 842 769 878 prorsus
789 829 928 879 requiri
941 830 1097 879 spiritus
1111 831 1190 869 vini
1205 842 1300 869 con-

176 897 383 938 fectionem
397 927 411 947 ,
427 911 501 948 qua
513 901 659 938 demum
680 899 814 949 optimi
830 900 977 938 fructus
991 900 1213 939 redundant.
1229 904 1299 950 (1)

178 969 252 1009 Est
301 980 425 1008 revera
473 969 633 1020 insignis
690 970 905 1009 consumtio
943 970 1165 1011 Solanorum
1208 970 1296 1008 huic

177 1050 299 1089 scopo
328 1040 388 1091 ivn*
400 1040 600 1079 Germania
616 1069 630 1089 ,
652 1038 806 1080 Francia
830 1048 904 1079 etc.
920 1068 936 1088 ‚
968 1040 1184 1089 praesertim
1210 1051 1300 1079 vero

177 1108 219 1148 in
253 1109 452 1149 Borussiae
485 1118 592 1157 parte
613 1110 816 1160 orientali,
847 1121 942 1159 quae
968 1111 1105 1150 dicitur
1138 1110 1207 1149 der
1232 1110 1304 1149 Li·

181 1180 399 1220 thauischer
424 1180 561 1220 Kreitz
574 1208 588 1228 ,
617 1189 654 1220 et
686 1181 726 1219 in
752 1181 905 1230 regione
927 1181 961 1220 le
981 1180 1237 1232 department
1260 1180 1304 1219 de

179 1251 222 1289 la
252 1251 449 1290 Mousclle.

229 1320 463 1368 Varietates‚
513 1332 607 1368 quae
645 1320 732 1359 usui
767 1319 986 1369 quotidiano
1025 1320 1149 1358 minus
1184 1320 1307 1358 inser-

177 1389 288 1429 viunt
322 1398 480 1438 propter
515 1398 639 1438 partes
682 1400 844 1437 aquosas
882 1389 1043 1436 nimias,
1095 1389 1155 1427 vel
1193 1389 1305 1438 illae,

181 1470 278 1508 quae
314 1459 455 1508 pabulo
491 1459 705 1497 animalium
744 1459 948 1506 coluntur,
977 1459 1038 1497 hic
1075 1459 1216 1507 optime
1242 1458 1305 1496 ad-

177 1529 387 1578 hibentur,
420 1538 460 1568 et
495 1529 644 1578 quidem
681 1539 726 1567 eo
760 1527 918 1575 melius,
955 1539 1032 1576 quo
1062 1527 1174 1565 citius
1215 1535 1306 1576 post

180 1611 309 1639 eorum
340 1599 620 1648 perceptionem
657 1599 717 1636 vel
746 1599 877 1636 saltem
911 1606 1107 1645 antequam
1142 1598 1306 1645 germina

179 1670 364 1719 pullulare
390 1669 635 1718 inceperant,
680 1667 890 1717 operationi
920 1667 1203 1707 submittantur.
1243 1668 1306 1706 So-

182 1741 274 1779 lana
299 1751 393 1789 quae
429 1738 634 1778 acrimonia
661 1738 818 1786 quadam
852 1746 1023 1785 scatent,
1062 1737 1136 1777 sub
1175 1737 1308 1776 cineri-

184 1810 256 1848 bus
292 1822 332 1849 ea
368 1809 563 1848 deliberari
586 1816 700 1858 posse
721 1807 871 1855 exhibet
895 1807 922 1846 P
937 1819 962 1845 u
977 1816 992 1845 t
1006 1819 1024 1845 s
1042 1809 1100 1845 ch
1116 1818 1157 1856 e3
1188 1817 1308 1847 caete-

180 1892 264 1920 rum
297 1880 448 1919 eaedem
489 1888 579 1918 sunt
617 1879 853 1928 operationes
885 1886 1170 1926 praeparantes,
1214 1871 1306 1927 quas

182 1951 343 1989 vidimus
376 1951 423 1989 ad
459 1949 761 1999 panificationem
786 1949 952 1998 requiri3
979 1947 1150 1987 nonnulli
1181 1959 1304 1987 autem

181 2020 397 2071 praeferunt
423 2020 594 2068 Solana,
622 2031 717 2069 quae
738 2031 803 2069 per
845 2019 948 2059 vices
972 2015 1225 2067 congelationi
1252 2028 1306 2057 at-

1233 2103 1304 2139 que

218 2218 275 2261 (ι)
295 2225 494 2260 Putsche‚
516 2225 537 2254 1.
555 2230 583 2252 c.
603 2229 671 2258 pag.
695 2231 762 2259 ¹44·
