1544 2693
508 181 892 228 ORATIO.
1194 185 1252 229 119

141 330 233 361 rum
269 316 522 359 florenorum
558 331 759 361 summam
787 317 996 376 coegisse,
1023 334 1148 376 quam
1174 319 1252 363 Bi-

136 399 375 447 bliothecae
423 398 768 458 gratificarentur.
820 400 823 403 ’
860 403 959 447 Pios
1009 403 1068 447 ita
1123 403 1249 448 vestri

136 482 245 541 grati
273 483 399 526 animi
429 498 573 527 sensus
604 499 702 543 erga
731 485 1038 531 Bibliothecam
1060 487 1250 546 probas-

134 566 214 621 tis,
267 567 383 612 cuius
436 568 616 613 adeundi
671 570 947 628 auxiliumque
993 571 1247 631 implorandi

133 650 258 710 copia
292 652 477 708 quotidie
513 653 634 696 vobis
675 661 864 711 paratur.
893 680 897 685 ‚
924 656 1117 714 Pergite,
1161 667 1247 714 quo

132 735 329 793 coepistis
357 736 513 788 modo,
550 736 740 794 generosi
765 738 970 782 Juvenes!
996 746 1041 782 ut
1070 739 1128 783 ita
1162 739 1245 783 hoe

131 817 253 861 etiam
289 832 400 861 anno
431 833 455 861 a
489 832 742 877 proavorum
783 820 937 879 pietate
978 837 1054 866 vos
1091 822 1172 866 hac
1200 822 1244 866 in

127 916 174 946 re
202 916 288 947 non
319 903 565 957 recessisse,
595 904 804 948 luculento
833 913 976 965 pateat
1008 907 1212 967 exemplo.

183 1071 384 1118 Pietatem
424 1071 531 1116 enim
569 1087 668 1131 erga
709 1074 1010 1133 Praeceptores
1051 1089 1075 1118 a
1121 1075 1240 1119 vobis

126 1155 231 1209 coli,
257 1170 344 1199 non
369 1163 529 1199 tantum
555 1156 695 1200 docuit
718 1157 993 1215 plurimorum
1015 1158 1241 1203 Professo-

123 1256 216 1284 rum
260 1247 301 1284 et
343 1255 434 1284 mea
476 1241 575 1284 item
613 1241 892 1299 experientia,
949 1256 1036 1286 non
1077 1250 1238 1288 tantum

123 1324 212 1368 dies
249 1325 316 1368 ille
354 1324 641 1382 Heringae
677 1326 832 1378 festus,
874 1326 948 1369 sed
989 1340 1088 1370 vero
1123 1327 1235 1370 illam

121 1407 371 1452 Academiae
408 1415 578 1452 nostrae
624 1410 814 1453 alumnos
853 1424 938 1453 non
983 1411 1175 1455 deserere
1210 1427 1234 1455 a

110 1485 264 1536 -re'lieta
304 1492 402 1535 inde
442 1492 694 1544 Academia,
735 1492 877 1536 docuit
905 1494 1126 1538 manifesto
1159 1495 1235 1538 Vir

101 1576 307 1631 ,Consule
348 1575 640 1619 Cornelius
669 1576 1022 1636 Dronsberg,
1061 1579 1232 1622 Acade-

109 1660 225 1704 'miae
254 1665 423 1703 nostrae
454 1659 666 1715 quondam
699 1661 888 1704 alumnus
918 1662 1229 1715 meritissimus,

102 1745 227 1788 ⁵ultro
255 1742 315 1802 pii
341 1741 468 1786 animi
498 1742 749 1787 testificandi
779 1758 904 1789 causa
936 1745 1108 1789 Senatui
1144 1747 1252 1790 ob-v

103 1829 199 1872 ¹'lata
241 1826 433 1884 Cellegae
484 1826 846 1881 desideratissimi,
904 1829 1098 1874 Adami
1142 1830 1227 1875 Si-

114 1925 298 1964 mons,
338 1910 531 1968 imagine.
600 1910 769 1954 Hancce
812 1911 1007 1969 pictatem
1045 1914 1088 1956 in
1122 1915 1224 1959 Viro

115 1995 242 2041 Cous.
273 1995 378 2038 laete
409 1994 680 2038 celebramus.
739 1995 914 2037 Nactam
945 1995 1029 2052 jam
1061 1996 1225 2042 Simo-

99 2077 250 2123 «nidis
275 2077 408 2121 nostri
429 2077 649 2135 imaginem
673 2077 824 2135 gaudet
849 2076 1049 2130 Senatus,
1081 2082 1220 2136 quod,

112 2162 174 2205 uti
211 2176 360 2220 spero,
405 2162 544 2220 palam
590 2161 883 2219 significabunt
924 2163 1218 2219 Professores,

114 2258 290 2302 quorum
321 2244 403 2288 illic
438 2244 651 2301 hucusque
686 2245 974 2290 desiderantur
1004 2246 1216 2305 irnagineS.
