1487 2703
25 2281 42 2703 xl

404 154 844 202 unniotcffx.
1139 157 1184 194 σι

83 274 202 312 quens
234 263 462 302 antecedenti
495 263 602 312 plane
639 263 898 313 aequiparetur
923 264 1026 314 (1);
1079 265 1188 303 adeo-

79 346 152 383 que
168 336 284 384 ⁴plane
307 333 530 372 assimilatur
553 334 690 372 Latino
713 337 788 372 sive
813 333 898 383 (ε).

132 404 389 443 Confirmatur
437 405 525 443 haec
557 391 754 452 *praeterea
801 404 984 442 sententia
1031 416 1075 443 ex
1111 405 1192 443 Po-

86 474 273 513 thierii
307 475 458 521 verbis,
486 474 551 523 qui
578 474 631 512 sic
658 474 768 512 habet
795 476 889 524 (3):
921 502 951 521 ‚‚
979 473 1196 525 Lorsqu'zm

87 571 119 591 „
145 536 383 594 engagement
401 545 466 584 n’a
486 557 631 584 aucune
654 557 789 590 cause,
819 558 887 591 ou,
918 556 959 582 ce
985 544 1049 593 qui
1077 554 1132 584 cst
1162 546 1196 582 la

85 641 118 662 ‚,
146 616 266 652 meme
307 615 451 662 chose,
504 616 649 666 lorsque
679 615 718 652 la
753 626 862 652 cause
899 626 998 666 pour
1038 614 1197 665 laquelle

84 712 117 732 ‚‚
143 686 178 723 il
207 699 233 724 a
266 690 328 724 όιό
354 691 549 724 contracte
574 694 626 724 cst
663 697 733 724 une
765 697 875 723 came
897 685 1088 731 jcmssess’
1122 678 1209 724 etc(

83 754 256 804 Quorum
282 754 481 793 verborum
511 755 602 793 lianc
639 767 719 793 esse
752 755 996 802 sententiam,
1024 764 1092 800 ut,
1119 766 1217 815 non·

83 833 226 862 tantum
243 825 385 862 ratione
412 824 594 871 effectus,
614 825 745 862 eodem
778 827 925 870 redeat,
955 835 1076 862 utrum
1100 824 1199 862 ‘obli-

82 894 183 943 gatio
218 895 390 941 nullam,
428 906 474 932 an
500 895 646 944 falsam
673 895 804 932 habeat
829 906 1001 940 causam,
1031 894 1124 939 sed„
1153 903 1194 930 ut

86 976 211 1004 revera
241 965 311 1002 sibi
339 964 496 1003 invicem
523 964 798 1004 assimilentur:
827 965 886 1001 vel
914 964 996 1002 inde
1021 972 1197 1011 apparet,

86 1035 191 1083 quod
223 1046 338 1073 unum
375 1044 516 1073 tantum
551 1034 726 1072 afferatur
765 1035 1002 1082 exemplum;
1029 1045 1137 1080 nam,
1167 1034 1200 1072 si

86 1105 268 1144 diversam
305 1112 500 1152 utramque
529 1104 798 1151 intellexisset,
840 1104 885 1141 de
923 1114 1077 1152 utraque
1114 1114 1201 1142 sane

87 1175 295 1223 exemplum
331 1173 556 1212 tradidisset.
611 1175 797 1212 Praeterea
822 1174 936 1218 dicit,
964 1173 1008 1210 ad
1032 1183 1202 1222 repeten-

85 1245 172 1283 dum
213 1244 278 1291 id,
308 1244 412 1292 quod
444 1255 488 1282 ex
505 1243 616 1293 falsa
648 1255 758 1280 causa
792 1244 959 1281 solutum
998 1252 1082 1289 est,
1124 1243 1199 1281 dari

88 1315 300 1362 actionem,
349 1325 445 1362 quae
477 1313 616 1351 dicitur
648 1313 829 1351 condictio
862 1315 938 1351 sine
972 1325 1101 1351 causa.
1143 1332 1199 1341 --

88 1380 234 1424 Melius
259 1384 374 1433 igitur
400 1383 500 1422 forte
528 1383 706 1422 fecissent
730 1392 928 1430 auctores,
956 1383 987 1420 si
1010 1382 1202 1437 Pothie-
1233 1411 1235 1413 .

89 1455 151 1493 rii
183 1454 296 1494 verba
329 1454 471 1502 integra
493 1461 701 1492 servassent
734 1453 815 1500 (4).

139 1523 338 1576 Quidquid
371 1524 534 1571 denique
561 1523 627 1561 hac
652 1524 697 1561 de
716 1534 754 1559 re
777 1523 850 1568 sit,
882 1522 1023 1561 ratione
1047 1521 1202 1561 effectus

90 1604 192 1633 certe
227 1594 330 1632 nulla
364 1593 557 1632 intercedit
589 1592 823 1639 differentia,
874 1602 938 1638 et,
986 1593 1064 1632 sive
1103 1593 1203 1631 nulla

89 1665 141 1704 sit
178 1676 289 1703 causa
316 1664 397 1702 sive
424 1664 542 1711 falsa,
588 1663 724 1701 nullam
771 1662 859 1701 facit
898 1662 1203 1704 conventionem.

90 1735 173 1774 Imo
202 1726 281 1773 nec'
306 1734 446 1781 refert,
499 1742 652 1772 auctore
686 1733 813 1772 eodem
853 1733 1205 1781 MaIIeleio,

95 1815 220 1844 utrum
246 1805 290 1844 ab
316 1805 423 1843 initio
459 1805 560 1843 nulla
592 1803 706 1842 fuerit
735 1815 873 1850 causa,
905 1815 950 1841 an
987 1803 1099 1843 fuerit
1125 1805 1208 1852 qui-

1121 1874 1204 1911 dem

104 2012 105 2015 ’
130 2005 188 2043 (ι)
207 2006 256 2036 Cf.
280 2007 425 2035 Dia-uon.
447 2006 481 2034 de
502 2004 712 2041 I'Acaddmie,
733 2005 764 2033 in
785 2013 874 2035 voce.

137 2062 190 2101 (2)
210 2063 470 2092 ef..sc11e11er
483 2083 494 2097 ,
515 2063 651 2093 Lea-teon
676 2062 1004 2097 Latino-Belgicam,
1025 2059 1055 2089 ln
1071 2068 1162 2089 voce.

134 2120 187 2156 (3)
209 2121 245 2149 L.
266 2122 285 2149 l.
306 2120 359 2148 11⁰.
381 2130 430 2158 42,

137 2178 189 2213 (ὢ,
210 2177 402 2206 contrarium
422 2185 507 2212 pum
532 2177 686 2211 Toum..
708 2177 729 2205 1.
753 2178 774 2204 1.
798 2175 846 2203 n‘.
872 2182 938 2209 150.
977 2175 1030 2204 sed
1051 2175 1101 2202 hie
1129 2171 1208 2202 int'er

97 2239 255 2268 utumque
278 2234 445 2267 distinguit.
