1544 2693
280 157 299 190 8
496 153 1186 196 COMMENTAT102

280 263 443 299 inchoari
472 271 508 300 et
535 263 628 300 finiri
659 262 810 301 solebat.
841 262 978 299 Harum
1004 262 1098 300 enim
1127 261 1334 310 formulae,
1360 275 1380 302 a

279 333 504 370 Datheno
537 344 556 369 e
582 331 803 370 Germanico
831 331 994 369 sermone
1021 331 1059 370 in
1081 332 1265 380 sse1gicum
1291 344 1384 370 con·

281 401 401 440 versae
427 411 461 440 et
485 414 517 441 a.
551 403 664 450 1566.
694 401 829 448 editae,
857 403 1033 438 nonnulla
1058 402 1380 449 complectuntur,

281 483 375 519 quae
409 482 639 517 nequaquam
669 471 964 516 catechumenis,
990 471 1048 508 sed
1075 471 1224 508 omnino
1249 471 1382 508 horum

280 539 496 587 parentibus
531 541 575 577 ad
613 540 789 576 orandum
831 540 1024 588 praescribi
1055 548 1272 589 potuerunt.
1315 541 1384 589 (7)

279 609 321 646 In
353 610 477 646 multis
506 618 603 646 certe
627 609 801 647 Ecclefiis
826 610 1049 647 Catechismi
1076 608 1177 646 usum
1205 621 1241 648 a.
1271 611 1379 657 1578.

279 679 345 716 iam
380 677 491 717 fuisse
523 679 739 727 invectum,
777 679 987 727 colligimus
1022 690 1065 716 ex
1090 677 1164 724 iis,
1193 690 1286 725 quae
1316 677 1384 715 sta·

278 747 351 786 tuit
375 748 549 797 Synodus
575 749 846 786 Provinciarum
871 748 1087 785 Hollandiae
1107 757 1143 785 et
1164 748 1356 785 Zelandiae
1371 775 1386 794 ,

278 830 313 857 a.
347 831 459 868 1574.
489 819 588 855 Haec
619 819 711 856 enim
745 819 919 866 Synodus
943 829 1018 856 non
1044 827 1182 856 tantum
1205 818 1385 856 Cateche·

279 888 331 926 fin
352 887 694 935 Heidelbergensem
725 889 834 936 elegit
867 890 912 925 ad
944 890 1130 926 docendos
1151 889 1384 925 catechume-

280 969 379 1006 nos,
406 967 474 996 art.
502 958 551 996 11.
580 956 641 995 sed
674 958 780 995 etiam
818 957 1130 1008 praedicacionem
1164 958 1383 994 catechismi

278 1027 460 1073 laudavit,
507 1037 575 1064 art.
615 1027 756 1065 XLIV.
796 1037 831 1064 et
867 1027 1052 1072 decrevit,
1103 1027 1139 1063 in
1181 1038 1220 1064 ea
1251 1026 1380 1064 ufitato

277 1109 379 1134 more
409 1096 485 1134 esse
513 1097 738 1144 pergendum
770 1105 859 1144 post
892 1097 1075 1133 meridiem
1110 1097 1204 1142 diei,
1235 1107 1310 1142 quo
1335 1097 1376 1134 S.

275 1168 402 1204 Coena
434 1166 552 1204 fuerat
586 1166 779 1203 celebrata.
808 1165 876 1213 (8)

326 1236 498 1284 Synodus
525 1235 875 1282 Meffloburgenfis,
903 1247 998 1272 anno
1032 1238 1136 1282 1581.
1165 1236 1313 1282 habita,
1342 1246 1378 1274 et

275 1306 468 1344 Generalis
503 1305 734 1353 Belgicarum
774 1304 1023 1353 Eccleſsarum
1058 1304 1181 1351 dicta,
1228 1306 1376 1343 eandem

272 1375 348 1413 fere
381 1376 425 1412 de
456 1373 681 1412 catechismi
710 1373 861 1410 Palatini
889 1373 951 1411 usu
979 1372 1187 1411 sententiam
1212 1373 1374 1422 professa

273 1453 352 1491 est,
391 1455 498 1491 quam
533 1453 616 1480 ante
646 1443 841 1481 triennium
872 1443 1181 1490 pronunciaverat
1213 1445 1376 1482 Dordra-

271 1526 372 1551 cena.
426 1514 570 1551 Etenim
588 1542 600 1560 ‚
628 1514 671 1550 ad
693 1515 937 1565 quaestionem
956 1514 1228 1563 particularem
1255 1513 1374 1551 XIX.

270 1584 381 1620 huius
413 1583 642 1631 argumenti:
673 1582 751 1631 Quo
775 1582 996 1619 Catecht'smo
1015 1585 1055 1619 in
1081 1581 1248 1631 Ecclestis
1275 1592 1378 1620 uten-

270 1653 355 1690 clam
373 1654 459 1701 stt?
498 1652 689 1700 respondit
723 1643 833 1689 haec:
870 1651 915 1688 In
943 1651 1098 1700 Belgicis
1119 1652 1272 1701 *quidem
1307 1666 1373 1700 co,

269 1725 336 1772 qai
361 1735 442 1760 cum
470 1721 627 1768 Psalmis
654 1735 678 1759 a
705 1721 862 1760 Domino
892 1722 1122 1759 Datheno
1147 1722 1373 1760 translatis:

1334 1803 1375 1828 m

306 1894 358 1929 (7)
380 1895 509 1928 Legatur
527 1895 590 1921 Een
613 1895 727 1921 erlaet
745 1903 816 1922 νοον-
839 1893 887 1920 die
912 1894 991 1920 lcere
1018 1893 1066 1920 des
1091 1894 1296 1928 catechismi,
1317 1893 1373 1921 im-

267 1951 371 1986 primis
403 1951 536 1978 Glzehedt
561 1960 616 1977 uae
642 1951 675 1978 de
706 1953 785 1979 ltere
811 1951 860 1977 das
894 1951 1092 1978 Catachtsmt.
1116 1956 1124 1967 ⁴
1142 1951 1274 1984 Utraque
1304 1950 1369 1978 for-

266 2009 363 2041 mula,
397 2007 532 2041 quamvis
559 2007 712 2041 obsoleta,
752 2006 914 2034 etiamnum
945 2006 1043 2040 repeti
1073 2007 1148 2034 solet
1172 2006 1203 2033 in
1234 2005 1369 2040 Liturgia

263 2064 402 2098 belgica,
425 2065 596 2091 emendatae
623 2063 803 2092 psalmorum
821 2062 950 2091 editioni
974 2063 1156 2097 rhythmicae
1179 2063 1347 2091 subiuncta.

303 2121 355 2155 (Β)
377 2122 444 2148 Art.
466 2121 579 2148 LXXX.
602 2122 675 2147 haec
698 2120 872 2147 traduntur:
904 2120 933 2146 Is
957 2120 1122 2154 bestooten,
1142 2119 1197 2146 dm
1219 2128 1282 2145 mon
1313 2129 1366 2146 na-

263 2177 439 2213 dcmx‘ddag,
461 2178 506 2204 als
532 2178 582 2204 het
609 2177 792 2204 Nachtmae!
816 2176 968 2211 gehouden
997 2177 1043 2210 is,
1065 2176 1098 2203 dc
1112 2176 1287 2212 predicasse
1311 2176 1361 2203 dn

266 2234 450 2261 Cutechismi
479 2243 532 2260 nae
557 2240 707 2268 gemente
729 2233 936 2260 onderhomlen
963 2233 1027 2266 sal.
