1544 2693
270 176 316 212 86
489 168 1156 208 COMMENTATIO

275 283 323 319 tis
370 278 617 316 confirmanda
633 305 646 324 ,‚
696 288 789 324 quae
830 276 868 312 in
906 276 1130 314 lectionibus
1169 275 1383 315 academicis.

279 360 361 389 tuto
396 349 487 386 sumi
514 347 683 396 posfint‚
711 354 842 394 utpote
864 345 949 383 satis
983 354 1071 383 nota
1096 345 1294 383 iuvenibus
1317 346 1385 382 ho-

278 428 382 458 neste
410 417 572 455 educatis
587 444 599 463 ‚
615 425 650 454 et
672 416 709 454 in
731 414 863 453 scholis
885 416 1178 464 propaedeuticis
1193 416 1237 452 ad
1261 415 1387 452 Theo·

274 489 416 537 ,logiam
439 486 670 526 subtiliorem
698 486 906 527 discendam
940 486 1176 533 praeparatis.
1222 484 1388 531 Vident,

286 561 463 602 quantum
495 550 538 588 s1t
563 550 759 588 discrimen
788 549 988 587 sermonem
1018 550 1114 588 inter
1145 549 1322 588 Latinum
1357 558 1394 587 et

287 623 476 670 Belgicum
493 647 506 667 ‚
536 629 765 668 quantopere
797 619 909 657 distet
937 618 1055 658 forma
1082 619 1237 657 docendi
1275 618 1313 656 in
1341 618 1397 656 vi-

290 703 414 730 rorum
442 692 636 729 doctorum
672 689 806 728 scholis
833 689 959 727 usitata
988 702 1007 727 a
1039 689 1179 726 ratione
1197 690 1283 737 apta
1309 698 1400 726 con-

293 762 468 800 ventibus
515 760 622 798 sacris
656 761 700 797 ad
738 760 773 798 id
820 759 1022 806 institutis,
1065 769 1108 797 ut
1145 771 1222 797 non
1258 768 1400 797 tantum

295 840 436 870 mentes
467 831 659 868 hominum
694 829 892 877 doctrina,
931 830 996 867 sed
1031 830 1141 867 animi
1168 829 1275 867 etiam
1291 829 1404 877 pieta-

298 910 334 936 te
357 901 587 939 excolantur.
615 899 829 947 Intelligunt
843 927 856 945 ‚
885 900 990 937 aliam
1009 900 1084 938 esse
1107 900 1295 948 personam·
1317 900 1406 939 Pro·

297 968 448 1007 fessoris
478 968 695 1015 academici,
734 969 840 1006 aliam
867 970 1042 1007 Doctoris
1081 978 1116 1006 et
1150 970 1313 1008 Pastoris
1348 981 1407 1008 ec-

297 1038 487 1076 clefiastici
504 1066 517 1084 ,
546 1037 690 1076 Christi
711 1037 860 1075 nomine
885 1039 1070 1076 monentis
1086 1067 1098 1086 ,
1116 1039 1298 1077 hortantis
1312 1068 1325 1086 ,
1354 1051 1411 1076 re-

301 1107 587 1156 prehendentis,
615 1107 861 1155 consolantis,
887 1107 925 1144 in
951 1108 1124 1155 precibus
1150 1120 1189 1147 ac
1213 1109 1409 1157 gratiarum

303 1177 512 1216 actionibus
553 1177 777 1225 praeeuntis.
830 1176 909 1215 Usu
937 1178 1084 1215 discunt
1101 1207 1114 1225 ‚
1141 1177 1351 1217 Homiletae
1377 1187 1413 1216 et

307 1247 528 1285 Catechetae
551 1254 673 1294 partes
703 1248 858 1284 multum
887 1247 1020 1285 habere
1047 1248 1271 1287 difficultatis
1304 1259 1340 1286 et
1364 1250 1413 1286 la·

306 1317 439 1363 boris,
479 1316 639 1363 aliasque
674 1318 844 1355 accedere
878 1329 983 1355 curas
1020 1330 1102 1356 cum
1137 1330 1287 1357 munere
1311 1331 1414 1358 novo

310 1387 480 1433 iunctas,
510 1397 637 1433 graves
676 1387 754 1424 illas
796 1399 836 1425 ac
876 1389 1064 1427 molestas.
1117 1390 1224 1438 Quae
1254 1401 1336 1427 cum
1367 1391 1417 1431 ita

311 1455 406 1502 lint,
436 1456 632 1495 verendum
659 1457 780 1513 esset,
805 1468 851 1494 ne
879 1459 1097 1505 homiletae‚
1125 1460 1228 1498 nulla
1250 1461 1329 1508 lege
1358 1461 1420 1498 ad-

315 1525 455 1572 stricti,
497 1525 765 1574 subterfugiant
788 1530 847 1564 vel
881 1527 1050 1565 differant
1081 1529 1205 1567 utilem
1233 1530 1336 1568 illum
1370 1531 1420 1566 la-

317 1597 442 1632 borem
478 1595 711 1634 construendi
743 1596 979 1646 syntagmatis
1005 1600 1232 1648 theologici,
1269 1601 1313 1638 ad
1335 1612 1423 1650 cap-

317 1675 395 1704 tum
425 1667 604 1714 usumque
626 1669 840 1716 popularem
863 1669 1141 1706 accommodati.
1194 1670 1307 1719 Quod
1342 1683 1419 1718 quo

319 1736 440 1773 minus
477 1737 561 1780 fiat,
590 1737 741 1785 impedit
774 1747 942 1775 nostrum
971 1728 1174 1776 institutum
1193 1767 1205 1784 ‚
1228 1740 1421 1788 impellens

318 1805 541 1842 Homiletain
574 1807 617 1843 ad
648 1806 918 1854 suscipiendum
940 1819 1049 1856 grave
1071 1810 1289 1857 negotium,
1317 1810 1424 1850 fimul

325 1885 416 1912 vero
448 1875 560 1913 nimia
592 1876 730 1914 laboris
757 1877 925 1915 molestia
954 1890 1034 1915 curn
1055 1873 1226 1918 liberans.

370 1944 543 1991 Demque
568 1946 722 1993 prodest
746 1947 837 1984 illud
863 1946 1069 1986 institutum
1098 1950 1274 1987 hactenus
1295 1951 1429 1989 Homi-

320 2014 403 2050 letis
433 2015 600 2052 lubenter
622 2015 963 2064 obtemperantibus
979 2046 991 2063 ‚
1021 2027 1061 2055 ut
1085 2020 1291 2057 auditorum
1317 2021 1427 2058 bene·

321 2085 519 2123 volentiam
543 2086 587 2123 iis
612 2087 799 2124 conciliet.
855 2088 1003 2125 Scilicet
1031 2089 1136 2126 multi
1162 2089 1332 2128 coetibus
1361 2102 1429 2128 no-

327 2153 407 2192 stris
442 2154 524 2191 sunt
559 2155 732 2203 adscripti
771 2140 962 2204 aegerrime
998 2156 1156 2196 ferentes
1197 2159 1429 2206 Homiletass,

327 2224 511 2267 doctrinae
538 2226 770 2267 Christianae
803 2227 977 2275 systema,
1013 2230 1070 2266 vel
1110 2230 1276 2276 nullum,
1325 2230 1381 2267 vel
1416 2241 1434 2266 a

1350 2308 1438 2336 COH-
