1487 2703
408 180 924 220 LITERARIA.
1174 189 1220 227 57

158 290 301 329 Eodem
340 290 399 328 die
434 291 506 328 sub
540 302 728 339 vesperam
767 291 896 328 hostes
939 297 1070 327 rursus
1108 287 1221 326 alium

109 369 369 399 exstruxerunt
399 361 571 405 arietem,
606 370 642 399 et
675 372 801 398 muros
835 359 963 398 minati
990 366 1094 396 sunt.
1149 357 1222 396 Sed

99 429 294 478 Josephus
340 440 376 469 et
417 431 546 478 Judaei
570 460 582 479 ,
638 430 808 479 quamvis
853 441 920 479 per
962 436 1083 466 totum
1128 425 1224 465 diem

107 510 391 549 pugnaverant,
420 501 550 539 iterum
581 501 767 546 hostibus,
800 500 948 538 fortiter
983 499 1226 545 restiterunt,

108 569 198 607 licet
238 569 300 608 alii
333 582 448 619 super
491 571 582 609 alios
618 572 885 619 catapultarum
927 579 962 608 et
996 569 1224 608 ballistarum

109 633 247 678 ictibus
282 641 480 687 caderent,
508 651 740 689 nequaquam
772 649 895 678 tamen·
923 651 942 677 a
966 651 1073 677 muro
1105 639 1229 687 depel-

108 709 303 758 lebantur,
330 711 396 749 sed
425 711 581 749 flammis
604 720 640 749 et
668 711 769 749 saxis
797 709 972 759 ferroque
998 710 1227 748 adversarios

109 779 311 828 petebant,
341 781 405 828 qui
433 781 582 818 arietem
617 781 859 819 adducebant.

157 851 229 890 Per
260 859 378 889 totam
416 859 566 888 noctem
606 850 686 890 sine
731 850 948 889 remissione
996 848 1231 899 pugnabatur

109 928 148 959 et
182 920 228 959 ab
265 929 423 970 utraque
459 931 563 969 parte
602 920 823 959 fortitudine
859 929 896 958 et
933 921 1058 958 valore
1102 930 1230 957 omnes

112 990 354 1029 excellebant.
409 990 608 1028 Terribilis
654 999 730 1028 erat
765 991 992 1039 adspectus,
1044 1001 1129 1027 cum
1169 1000 1229 1028 se·

113 1061 242 1108 quenti
276 1061 336 1098 die
371 1061 437 1098 lux
471 1061 657 1108 oriretur,
696 1068 734 1098 et
771 1060 902 1108 ingens
941 1067 1016 1097 erat
1052 1070 1231 1098 numerus

113 1141 241 1168 eorum
284 1130 350 1179 qui
397 1130 512 1168 occisi
547 1139 611 1168 aut
647 1130 831 1169 vulnerati
870 1138 986 1168 erant.
1067 1129 1237 1168 Percussi

112 1208 235 1238 autem
273 1208 373 1238 metu
403 1208 491 1238 sunt
518 1200 661 1238 incolae
696 1211 779 1237 curn
817 1200 983 1238 viderent
1007 1199 1046 1237 in
1072 1209 1234 1246 quonam

113 1271 356 1308 versabantur
381 1271 575 1318 periculo:
605 1270 671 1308 sed
695 1270 886 1320 Josepbus
918 1269 1120 1316 mulieres,
1157 1270 1237 1306 luc-

113 1349 177 1379 tus
210 1349 248 1378 et
280 1340 560 1378 lamentationes
603 1340 779 1386 edentes,
833 1339 1008 1378 domibus
1046 1339 1235 1377 includere

110 1410 218 1463 jubet
256 1419 292 1448 et
324 1409 456 1448 iterum
489 1409 628 1448 incolas
665 1418 855 1458 comparat
888 1411 932 1448 ad
956 1410 1106 1448 fortiter
1124 1410 1238 1449 resis-

109 1480 285 1520 tendum.
336 1480 474 1518 Iterum
500 1481 545 1518 ad
578 1481 705 1518 dolum
737 1479 918 1527 recurrit;
948 1482 1070 1519 oleum
1102 1491 1236 1529 nempe

115 1551 246 1589 ardens
291 1549 464 1599 perfundi
498 1550 613 1600 J'ussit
649 1550 688 1587 in
725 1550 945 1598 Romanos,
998 1549 1065 1597 qui
1105 1551 1234 1588 urbem

116 1631 247 1670 capere
283 1619 541 1668 conabantur,
570 1631 643 1668 qua
676 1619 715 1658 in
751 1631 789 1657 re
826 1628 898 1658 tam
924 1618 1026 1657 felici
1058 1631 1237 1660 successu

119 1690 272 1741 gavisus
309 1699 390 1738 est,
419 1698 461 1728 ut
488 1690 666 1739 impetum
699 1689 920 1739 repellerent
951 1689 1095 1740 Judaei.
1154 1690 1239 1740 Jaur

116 1768 239 1799 autem
271 1759 526 1808 Vespasianus
575 1771 724 1808 aggeres
761 1760 871 1798 altius
913 1761 995 1799 tolli
1039 1769 1238 1808 turresque

120 1829 211 1878 erigi
244 1830 384 1879 Jussit‚
431 1830 542 1867 unde,
564 1829 693 1878 Judaei
730 1842 750 1868 a
791 1830 905 1868 muris
934 1829 1234 1878 prohiberentur.

119 1899 335 1949 Transfuga
374 1910 489 1948 porro
528 1899 562 1937 ei
590 1908 712 1938 narrat
749 1911 826 1947 quo
869 1900 1068 1948 perductae
1107 1909 1236 1939 essent

117 1982 178 2010 res
216 1969 552 2020 Jotapatanorum,
605 1979 642 2009 et
687 1970 772 2008 inde
819 1970 980 2008 animum
1033 1971 1232 2009 resumsit:

119 2041 235 2079 scalas
269 2042 391 2079 denuo
430 2040 513 2079 urbi
549 2042 744 2079 admovere
785 2040 907 2091 J'ubet.
967 2041 1119 2079 Frustra
1157 2042 1235 2090 jam

115 2111 247 2163 Judaei
287 2110 436 2149 fortiter
476 2111 509 2149 ei
545 2112 752 2160 resistunt3
808 2110 923 2150 Titus
970 2121 1006 2151 et
1048 2112 1235 2159 Sabinus,

122 2181 232 2219 ambo
255 2181 368 2219 duces
390 2180 640 2229 Vespasiani,
668 2181 779 2229 primi
800 2194 928 2220 muros
952 2182 1237 2230 conscendunt,

117 2257 159 2289 ‘et
199 2261 286 2289 mox
315 2259 418 2290 totus
443 2251 480 2289 in
515 2252 643 2291 urbem
666 2250 869 2301 ingreditur
893 2253 1096 2293 exercitus.
1125 2253 1236 2302 Mag-

1194 2336 1239 2362 na
