1487 2703
228 170 276 206 62
463 164 1155 214 COMMENTATIO,

235 279 342 322 dem,
372 277 436 312 sed
467 284 591 312 secuta
617 285 693 312 non
726 275 799 312 sit:
831 274 907 320 ita,
936 282 978 311 ut
1009 275 1124 312 valeat
1149 274 1249 321 apud
1270 284 1359 312 nos

237 347 352 382 etiam·
385 346 456 382 hoc
494 342 660 381 Africani
698 343 783 393 (ι).
853 371 883 390 ,,
923 343 1031 381 Nihil
1067 343 1179 382 refert
1219 352 1344 382 utrum

240 415 342 462 „fab
384 414 492 451 initio
520 413 600 450 siue
633 425 742 450 causa
770 413 859 459 quid
883 413 1007 450 datum
1029 413 1078 450 sit
1096 441 1109 459 ‚
1136 424 1182 451 an
1206 424 1344 459 causa,

243 513 273 533 ,‚
302 492 454 533 propter
488 495 596 530 quam
623 484 746 519 datum
777 483 850 528 sit,
879 491 1004 519 secuta
1029 493 1105 520 non
1130 483 1180 519 sit
1204 482 1230 499 ’²
1257 482 1347 532 (α).

295 555 392 592 Cum
430 553 573 600 pictore
601 553 807 599 convenio,
836 560 878 589 ut
900 552 1059 589 tabulam
1085 551 1175 590 mihi
1197 552 1361 600 pingat,-

242 636 310 672 pro
351 636 422 670 qua
448 622 480 660 ei
506 632 640 660 certam
671 622 847 670 pecuniae
877 633 1057 659 summam
1088 623 1244 661 solvam.
1273 622 1363 659 An·

242 704 388 740 tequam
417 693 588 730 absoluta
619 693 668 731 sit
697 693 846 738 tabula,
885 692 1007 740 pictor
1033 694 1105 730 tale
1131 692 1186 731 in!
1205 701 1354 729 manum

246 764 379 811 accipit
423 764 581 808 vulnus,
640 763 742 809 quod
786 763 824 799 in
868 771 1064 810 posterum
1107 774 1128 800 a
1168 761 1355 811 pingendo

243 823 328 869 bum
373 832 556 885 abstinere
595 831 708 878 cogit.
758 853 815 860 —-
865 832 938 869 Hic
974 843 1082 869 causa
1117 830 1357 881 obligationis

250 913 374 947 meae,
407 912 500 948 quae
536 901 580 937 ab
616 901 723 938 initio
759 901 928 948 exstitit,
963 901 1177 949 evanescit,
1215 901 1360 939 nullus-

251 983 322 1018 que
357 971 398 1008 fit
432 979 658 1008 contractus.

302 1041 450 1078 Illustre
485 1041 694 1088 exemplum
724 1040 962 1088 obligationis
998 1041 1076 1078 sine
1105 1051 1244 1085 causa,
1278 1041 1363 1077 nul-

253 1112 327 1148 lius
365 1112 591 1157 declaratae,
646 1119 702 1147 est
736 1110 774 1147 in
813 1110 948 1147 celebri
987 1110 1058 1148 ista
1084 1120 1194 1147 causa
1217 1108 1367 1148 Chat·

255 1181 386 1218 retti
415 1180 629 1229 cujusdam,
654 1191 747 1228 quae
769 1191 789 1216 a
812 1179 984 1228 pluribus
1009 1179 1225 1217 auctoribus
1251 1176 1366 1216 refer-

261 1261 322 1288 tur
348 1249 432 1299 (3).

308 1322 519 1366 Antequam
548 1320 620 1367 J'am
655 1319 699 1356 ad
732 1318 923 1364 sequentia
960 1327 1212 1363 transeamus,
1247 1315 1365 1354 verbo

259 1382 468 1437 attingenda
505 1397 560 1425 est
600 1387 795 1435 quaestio,
845 1396 967 1424 utrum
1002 1386 1166 1434 debitum
1203 1385 1374 1426 naturale*

261 1458 445 1496 sufficiens
483 1469 593 1495 causa
624 1459 672 1495 sit
704 1456 942 1505 obligationis
975 1456 1136 1494 civilis?
1176 1478 1233 1488 -
1276 1456 1375 1493 Du·

264 1538 456 1568 tanton
486 1529 554 1577 (4)
597 1527 806 1565 affirmando
833 1528 866 1565 ei
897 1527 1124 1575 respondet,
1151 1534 1251 1565 recte
1281 1535 1372 1562 con·

1294 1602 1374 1635 ten-

307 1733 359 1768 (1)
381 1732 416 1759 In
440 1732 507 1763 lege
527 1730 580 1757 IV.
603 1729 634 1757 ff.
656 1729 693 1756 de
723 1729 816 1756 cond.
841 1727 905 1756 sine
931 1734 1028 1754 causa.
1069 1725 1148 1753 Add.
1171 1725 1223 1752 lex
1245 1723 1270 1751 1.
1297 1717 1325 1759 §.
1348 1732 1378 1751 2.

271 1790 394 1818 ibidem.

311 1846 362 1884 (α)
385 1847 436 1875 Cf.
456 1846 502 1873 ft.
524 1843 747 1876 sandberg,
766 1844 790 1869 1.
816 1842 837 1868 1.
853 1848 884 1874 p.
906 1839 953 1871 56.
977 1838 1006 1866 in
1028 1837 1109 1871 fine,
1132 1836 1185 1872 qui
1211 1843 1294 1864 recte
1323 1836 1378 1863 do-

274 1913 341 1938 cet,
358 1907 432 1931 hane
456 1902 621 1930 docti-lnam
650 1899 793 1932 exemplo
819 1895 990 1924 confirmari
1009 1895 1039 1922 in
1070 1902 1125 1923 art.
1152 1894 1189 1922 C.
1219 1893 1257 1922 C.
1287 1900 1380 1926 1727;

275 1971 340 1990 nam
369 1968 474 1989 revera
503 1966 593 1994 quum
618 1964 704 1984 causa
738 1955 768 1982 in
801 1953 954 1981 locatione
986 1952 1190 1980 conductione
1222 1951 1258 1979 ab
1291 1951 1383 1978 altera

277 2027 357 2055 parte
382 2017 438 2046 sita
464 2017 502 2045 sit
525 2015 555 2043 in
585 2012 787 2049 praestatione
816 2011 861 2038 rei
884 2013 1021 2044 locatae,
1041 2015 1190 2044 pereunte
1214 2015 1267 2041 re,
1288 2014 1384 2035 cessat

281 2084 387 2110 cansa,
410 2082 485 2109 quae
503 2074 537 2100 ab
557 2071 647 2099 initio
667 2069 772 2098 adfuit.

318 2133 370 2170 (3)
389 2132 439 2160 Cf.
463 2139 493 2159 v.
513 2138 541 2158 c.
570 2128 721 2159 Toull.,
750 2128 772 2153 1.
804 2127 824 2152 1.
850 2124 897 2153 11⁰.
932 2129 1004 2159 1693
1043 2124 1178 2157 Paill.,
1206 2123 1248 2158 'ad
1275 2123 1305 2151 b.
1331 2128 1388 2149 are.

282 2186 682 2223 n0.2;1)urant.,1.1.
704 2184 755 2211 11⁰.
773 2186 845 2213 ·131.
867 2189 926 2210 etc.

324 2249 373 2284 (4)
397 2249 432 2274 L.
454 2247 474 2273 1.
493 2242 544 2272 11⁰.
568 2251 629 2276 ³03.
651 2248 735 2275 seqq.
