1487 2703
197 213 244 240 22
422 196 1087 239 COMMENTATIO

695 351 733 398 ὃ.
785 362 825 397 4.

341 511 500 550 Flavius
525 509 708 562 Josephus
736 509 934 550 Galilaeae
955 510 1182 562 praefectus.

260 674 358 713 Cum
387 685 477 723 ergo
515 673 599 713 talis
629 683 727 712 esset
765 673 932 712 conditio
965 674 1180 721 Galilaeae,
1219 673 1325 712 talis-

212 755 287 793 que
320 754 362 782 ea
390 744 611 792 provincia,
651 755 760 792 quam
792 744 982 794 Josephus
1028 740 1264 793 susceperat,
1304 755 1324 781 a

210 814 395 863 Synedrio
437 814 786 864 Hierosolymitano
824 813 1032 863 praefectus
1069 813 1326 860 constitutus3

210 882 249 921 in
285 884 469 933 regionem
515 884 614 922 suam
662 883 752 923 abiit
795 874 893 922 anno
937 882 1066 922 aetatis
1111 883 1326 930 tricesimo,

210 967 251 1003 p.
281 955 333 992 C.
364 965 404 992 n.
432 965 524 992 vero
551 953 747 993 vallto.
1236 949 1239 951 ’

259 1021 424 1061 Primum
461 1024 564 1061 venit
598 1021 841 1071 Sepphorin‚
880 1022 1002 1069 unde,
1038 1029 1237 1069 postquam
1273 1020 1328 1058 in-

211 1093 337 1140 colas,
374 1092 412 1129 in
441 1103 570 1140 magna
602 1100 793 1131 versantes
824 1091 1099 1138 sollicitudine,
1127 1091 1184 1130 uti
1214 1101 1329 1139 supra

213 1162 406 1209 vidimus,
443 1163 681 1211 placaverat,
725 1171 785 1210 et,
823 1171 1002 1210 quantum
1040 1163 1120 1212 ejus
1147 1161 1226 1199 fieri
1264 1171 1334 1210 po·

213 1233 314 1280 tuit,
353 1241 454 1270 metu
489 1233 735 1280 liberaverat,
781 1232 827 1270 ad
865 1232 989 1269 vicum
1029 1232 1210 1279 quendam
1245 1241 1334 1279 pro—

215 1303 340 1341 fectus
365 1311 448 1350 est,
487 1302 549 1340 cui
582 1313 719 1340 nomen
754 1301 893 1340 Betmai
913 1329 927 1348 ,
956 1309 1117 1350 quatuor
1143 1299 1261 1338 stadia
1286 1301 1332 1338 ab

219 1372 312 1410 urbe
353 1371 555 1409 Tiberiade
594 1371 814 1420 distantem3
871 1381 949 1418 quo
982 1381 1066 1407 cum
1101 1367 1332 1417 pervenisset

219 1442 265 1479 ad
301 1451 341 1478 se
379 1440 554 1478 Senatum
587 1439 801 1478 Tiberiadis
839 1439 1055 1485 arcessivit,
1086 1447 1130 1476 ut
1163 1449 1249 1476 cum
1286 1449 1332 1476 eo

221 1511 400 1549 adventus
433 1511 492 1548 sui
524 1521 669 1548 causam
706 1518 743 1547 et
772 1510 881 1548 finem
915 1509 1206 1547 communicaret
1237 1519 1337 1546 eum·

223 1591 298 1628 que
334 1591 380 1619 eo
413 1581 632 1628 perduceret
663 1589 707 1619 ut
743 1580 877 1618 domus
911 1580 1118 1627 quaedam,
1143 1579 1188 1617 ab
1217 1580 1339 1619 Hero·

223 1649 268 1687 de
294 1649 497 1687 Ten-archa
525 1657 736 1697 exstructa,
769 1647 940 1687 funditus
970 1657 1224 1696 everteretur,
1252 1650 1338 1697 quia

224 1720 362 1757 multae
383 1718 420 1756 in
451 1731 492 1757 ea
519 1727 622 1757 erant
648 1719 825 1767 imagines
861 1719 1146 1767 animaliumque
1168 1718 1334 1768 figurae,

223 1788 369 1836 legibus
403 1797 439 1826 et
463 1788 647 1827 institutis
666 1787 828 1838 Judaicis
852 1800 1006 1838 prorsus
1037 1789 1185 1827 vetitae.
1235 1789 1342 1828 Mul·

226 1858 274 1896 tis
308 1859 456 1906 quidem
491 1858 617 1897 verbis
649 1859 827 1908 Capellus
864 1859 903 1896 id
935 1859 1072 1907 aliique
1100 1870 1121 1897 e
1156 1859 1338 1907 primariis

227 1928 405 1976 impedire
437 1929 561 1966 conati
595 1937 705 1976 sunt,
758 1929 835 1967 imo
879 1930 1113 1967 vehementer
1146 1928 1238 1968 illud
1271 1928 1340 1967 im-

227 1998 506 2046 probaverunt3
549 1999 692 2036 tandem
735 2009 823 2035 vero
857 1998 906 2036 ita
939 1998 985 2036 iis
1015 1997 1198 2046 persuasit
1230 1997 1340 2046 Jose·

227 2068 328 2116 plius
361 2076 404 2106 ut
437 2068 595 2116 amplius
643 2067 867 2115 obsequium
908 2068 941 2105 ei
975 2068 1151 2116 denegare
1195 2067 1339 2105 nollent

227 2138 464 2186 pedibusque
498 2137 593 2175 irent
629 2137 667 2175 in
701 2138 781 2186 eJ‘us
821 2137 1062 2176 sententiam:
1117 2148 1194 2185 quo
1237 2137 1337 2176 facto

223 2208 362 2255 Jesus,
401 2208 586 2256 Sapphiae
618 2207 745 2254 filius,
787 2208 853 2257 (de
889 2219 965 2256 quo
998 2208 1072 2257 jam
1109 2207 1269 2246 diximus
1296 2206 1333 2254 §.

228 2274 436 2327 superiori>
476 2289 585 2325 quem
623 2289 710 2328 spes
747 2277 892 2317 tenebat
925 2288 1090 2326 magnam
1116 2278 1200 2317 inde
1225 2275 1337 2328 pecu-

1256 2358 1335 2385 niae
