1487 2703
333 187 610 230 BOTANICO
624 208 636 217 -
655 184 1035 226 OECONOMICA.
1181 189 1234 237 63

127 298 162 336 H
177 297 264 336 all:
297 324 321 345 „
347 298 457 336 Hisce
490 297 626 336 ablatis
662 296 840 347 (foliis),
877 297 996 335 caulis
1021 295 1231 346 radicisque

127 380 152 415 ς,
176 369 439 406 incrementum
464 377 580 406 cessat
594 396 607 415 ,
646 369 760 406 omnis
792 368 928 418 planta
959 367 1165 416 languescit
1198 375 1235 404 et

125 466 151 487 „
175 448 281 490 saepe
304 439 505 476 moritur-'⁹
540 437 703 484 etenim,
742 436 833 475 dicit
859 437 930 475 alio
958 438 1071 475 loco:
1091 465 1114 485 ‚‚
1136 438 1237 475 succi

127 536 152 557 „
177 510 219 546 in
236 509 341 560 foliis
361 510 490 558 magni
514 510 686 546 momenti
706 509 928 546 mutationes
946 507 1126 554 subeunt,
1153 519 1235 544 sue-

127 603 153 624 „
175 579 212 615 ci
235 576 346 615 rudes
381 587 493 627 atque
524 577 698 626 indigesti
719 577 772 613 ihi
787 578 1015 627 potissimum
1035 584 1236 615 mutantur

127 673 153 694 „
176 648 218 684 in
233 645 397 694 fluidum
424 648 650 693 nutritium,
685 646 784 695 qnod
817 658 864 684 ex
888 646 1073 693 foliorum
1095 656 1237 696 paren·

127 742 153 763 „
175 717 344 766 chymate
367 719 409 754 in
430 718 601 755 corticem
617 744 630 763 ‚
658 715 822 754 radicem
846 728 972 754 ‘versas
994 714 1178 754 descendit
1195 716 1238 762 ‚⁹²

121 785 307 834 denique:
351 814 375 833 ,‚
411 787 510 823 succi
549 784 798 823 descendentes
831 784 1005 836 partibus
1039 786 1239 834 gemmosis

129 879 156 903 ‹,‚
180 855 400 902 abundant,
426 868 521 905 quae
555 856 757 893 nutritiom·
775 857 945 905 apprime
973 854 1125 893 idoneae
1155 864 1241 894 sunt

129 952 156 974 ‚‚
178 938 348 977 ‘quaeque
371 928 412 963 in
436 925 562 963 multis
584 925 743 976 plantae
768 926 919 974 organis
945 926 1092 962 mutari
1116 924 1243 964 viden-

129 1008 158 1044 ,ς
176 1004 250 1034 *tur
272 998 313 1034 in
329 1004 460 1047 partes
480 996 686 1044 amylaceas
703 1023 716 1042 ‚
743 1006 781 1033 ν.
807 1008 841 1033 ε’.
870 997 910 1032 in
935 995 1124 1033 tuberibus
1144 1005 1238 1042 etc.‚

131 1093 158 1115 „
172 1075 227 1105 >ut
252 1068 422 1114 futurae
458 1066 637 1116 plantae,
683 1066 744 1102 vel
775 1066 930 1116 plantae
959 1065 1132 1116 partibus
1170 1065 1242 1103 ali-

132 1138 344 1184 „:mentum
377 1134 444 1172 diu
469 1144 582 1173 antea
603 1143 881 1185 praeparatum
902 1147 965 1172 suo
987 1143 1148 1186 tempore
1173 1147 1244 1173 non

122 1224 157 1255 ,ὁ
182 1205 362 1251 dee'sset.''
401 1205 486 1254 (1).
540 1205 641 1242 Haec
695 1204 785 1242 mihi
825 1215 901 1241 rem
946 1205 1053 1253 plane
1099 1204 1242 1243 decide-

129 1286 170 1313 re
212 1275 401 1314 videntur.
466 1274 582 1324 Quod
618 1285 734 1322 porro
782 1273 969 1312 fructibus
1020 1274 1244 1313 seminibus-

128 1355 218 1393 que-
239 1343 445 1382 formandis
492 1344 646 1383 omnino
693 1345 927 1391 requirantur
980 1345 1090 1385 flores
1109 1373 1122 1393 ,
1183 1346 1242 1383 lu-

128 1425 173 1452 ce
194 1413 346 1452 >clarius
385 1422 469 1461 est,
534 1414 601 1452 sed
640 1413 775 1452 adduxi
814 1415 902 1452 dum
944 1414 1097 1453 viderim
1144 1417 1243 1464 apud

138 1485 344 1523 nonnullos
391 1483 593 1522 invaluisse
644 1495 782 1521 morem
833 1483 945 1522 flores
993 1484 1244 1534 decerpendi,

136 1565 250 1603 quare
285 1553 544 1602 inquisiverim
577 1565 665 1591 num
687 1555 894 1601 'prodesset
926 1554 1009 1592 talis
1042 1555 1242 1603 decerpen-

128 1625 184 1663 tio
207 1625 372 1672 florum,
400 1635 455 1662 an*
492 1623 642 1672 minus3
671 1624 795 1661 statim
832 1624 1007 1672 perspexi
1055 1636 1113 1662 me
1150 1625 1241 1662 alio-

127 1695 210 1734 rum
233 1695 372 1734 auxilio
397 1694 561 1743 indigere
582 1703 619 1732 et
642 1675 765 1733 asscedi
777 1706 874 1744 opus
889 1695 1005 1733 Doct.
1033 1694 1070 1732 T
1085 1695 1110 1732 h
1124 1706 1143 1732 a
1158 1698 1178 1734 ἓ
1191 1706 1237 1742 r,

131 1765 313 1815 imprimis
362 1765 450 1803 dum
504 1765 604 1814 apud
656 1765 769 1803 alium
836 1763 1056 1813 scriptorem
1117 1765 1243 1804 inveni

1188 1844 1241 1874 ta·

168 1965 220 2004 (1)
241 1966 292 1995 ef.
316 1965 355 1996 H.
377 1966 413 1994 C.
428 1972 503 1993 van
529 1965 638 2001 Hall,
662 1964 1015 1998 ElementaBosanic-es,
1037 1963 1129 1992 Gron.
1144 1966 1217 2000 1834
1230 1983 1244 2000 ,,

133 2031 202 2060 pag.
224 2027 283 2062 48,
307 2021 336 2062 §.
354 2029 403 2056 72.
425 2030 490 2059 pag.
508 2024 564 2059 46,
589 2023 617 2059 §.
643 2024 699 2057 267
721 2029 750 2050 et
767 2029 836 2056 pag.
862 2016 956 2058 151§.
980 2029 1047 2058 547.

168 2082 210 2111 G.
229 2082 464 2115 thewaal,
495 2080 684 2108 Uitsreksels
715 2080 766 2106 nit
790 2078 825 2106 de
849 2079 994 2106 Annalen
1020 2078 1069 2106 des
1095 2078 1236 2108 Akkerb.

166 2126 302 2166 Thaer
317 2157 329 2174 ‚
375 2138 433 2166 Th.
467 2138 521 2166 VI.
557 2144 626 2173 pag.
661 2144 713 2170 251
754 2143 784 2164 et
836 2136 908 2164 Oec.
954 2135 1092 2172 Nem‘gk.
1136 2140 1209 2166 1822
1228 2157 1238 2170 ‚

129 2193 180 2224 πθ.
209 2202 257 2229 53.
290 2202 357 2230 pag.
389 2202 466 2232 421,
510 2193 562 2222 ubi
588 2200 782 2230 exponuntur
808 2191 1018 2222 defoliationis
1045 2200 1143 2221 noxae
1171 2195 1238 2222 solo

129 2250 209 2286 ipso.
