1487 2703
338 204 847 252 LITERARIA.
1111 225 1156 262 51

42 313 235 363 magisque
288 323 625 366 exasperaverunt,
674 319 740 366 qui
779 319 922 368 ubique
956 321 1159 362 Galilaeam

42 383 306 432 devastabant,
334 385 385 424 ita
420 394 462 424 ut
501 387 604 436 regio
637 389 757 427 omnis
793 392 930 439 repleta
967 401 1067 431 esset
1101 393 1159 432 in·

39 452 250 492 cendiisct
284 455 463 504 sanguine
494 460 562 495 nec
595 459 709 497 ullius
744 461 959 500 calamitatis
993 471 1057 502 aut
1089 465 1158 502 mi-

38 522 154 561 seriae
185 534 346 574 expers,
372 534 410 563 et
435 526 578 565 incolae
607 529 772 577 undique
801 530 987 580 fugientes
1020 533 1058 573 in
1093 539 1158 573 ur'-

39 591 108 631 bes
142 594 303 634 munitas
342 597 496 635 salutem
526 608 756 646 quaererent.
825 602 993 642 Placidus
1032 613 1155 644 autem

38 660 241 705 Galilaeam
287 664 428 714 ubique
473 667 749 708 incursionibus
791 680 968 721 vastans,
1008 677 1155 715 tandem

32 731 243 782 Jotapatam
278 735 472 785 profectus
506 746 591 786 est,
618 739 697 777 ubi·
716 751 807 779 vero
840 742 884 780 ab
918 742 1081 793 incolis,
1110 757 1156 785 ex

37 802 131 841 urbe
162 805 194 842 ei
226 804 542 855 obvenientibus,
568 810 744 858 repulsus
778 818 836 848 est
861 813 947 862 (ι).

86 874 142 913 At
185 874 302 924 magis
337 875 574 926 josephum,
624 880 745 919 adhuc
777 881 816 919 in
845 882 1021 922 confiniis
1063 886 1156 933 Sep·

34 942 167 991 phoris
204 953 440 995 versantem,
480 947 639 987 minatus
677 958 734 988 est
768 951 1052 1001 Vespasianus,
1089 955 1158 1002 qui·

33 1022 120 1051 cum
160 1014 324 1067 exercitu
369 1027 505 1065 magno
551 1017 627 1056 imo
675 1019 831 1058 terribili
876 1021 914 1060 in
952 1022 1155 1063 Galilaeam

32 1081 204 1121 veniebat
220 1110 234 1132 ,
259 1083 310 1122 ita
335 1092 378 1122 ut
399 1096 516 1134 paene
543 1093 673 1126 omnes
711 1090 847 1129 milites
883 1100 1055 1133 nostrum
1092 1095 1159 1133 de-

32 1161 225 1202 sererent,
263 1153 394 1202 isque,
434 1157 602 1196 collectis
630 1159 796 1211 paucis,
835 1160 903 1209 qui
932 1163 1032 1211 apud
1069 1175 1154 1203 eum

28 1231 277 1262 remanserant
291 1252 305 1271 ‚
335 1224 570 1265 Tiberiadem
608 1228 844 1278 confugeret.
910 1230 947 1269 T
949 1232 1152 1273 iberienses

25 1296 101 1345 jam
127 1302 229 1332 metu
255 1294 397 1342 impleti
429 1305 586 1346 propter
618 1299 873 1338 advenientem
909 1301 1054 1341 hostem
1076 1315 1152 1342 ma-

30 1362 88 1414 gis
127 1363 236 1404 etiam
272 1373 507 1415 metuerunt,
537 1368 622 1416 quia
645 1369 837 1418 Josephus
873 1370 913 1409 in
938 1371 1028 1422 fuga
1051 1375 1150 1412 salu-

29 1443 104 1473 tem
145 1435 399 1485 quaesiverat,
441 1437 694 1478 existimantes
733 1452 817 1480 eum
850 1443 924 1491 Jam
966 1445 1011 1481 de
1045 1444 1150 1482 bono

28 1514 166 1544 eventu
204 1514 241 1544 et
267 1517 446 1546 successu
476 1508 565 1547 belli
599 1510 819 1560 desperare3
848 1520 886 1550 et
915 1524 1041 1552 revera
1067 1516 1148 1564 ejus

26 1575 197 1614 conditio
241 1585 318 1616 erat
354 1577 539 1628 difficilis,
591 1591 674 1618 nam
717 1580 838 1619 hostis
886 1591 962 1621 erat
996 1585 1034 1622 in
1068 1586 1148 1635 eJus

26 1646 245 1696 provincia,
296 1659 381 1696 pars
433 1648 592 1688 militum
636 1648 764 1699 fugata
795 1653 869 1701 Jam
904 1661 1008 1700 erat,
1063 1667 1147 1704 pars

29 1715 170 1754 virtute
196 1725 233 1755 et
262 1715 489 1757 fortitudine
514 1719 675 1759 carebat.
727 1722 904 1760 Decrevit
927 1723 1043 1772 igitur
1062 1726 1148 1763 Ma⁴⁶

27 1786 246 1836 gistratibus
301 1787 657 1837 Hierosolymitanis
713 1801 884 1831 accurate
945 1793 1108 1833 scribere
1131 1822 1145 1844 ,

27 1867 137 1905 quem
168 1858 214 1896 ad
237 1850 388 1896 m'odum
431 1870 514 1898 sese
543 1871 601 1898 res
639 1860 846 1911 haberent3
887 1874 950 1900 eos
981 1863 1143 1905 invitans

27 1935 71 1966 ut
102 1923 178 1966 cito
211 1927 455 1967 rescriberent
493 1940 538 1967 an
564 1929 698 1969 foedus
737 1944 821 1970 cum
857 1933 1037 1972 Romanis
1075 1936 1145 1973 ini-

25 1992 67 2036 re'
105 1997 151 2036 iis
187 1999 372 2047 placeret3
425 2010 514 2038 num
549 2012 640 2041 vero
676 2002 812 2043 bellum
844 2005 967 2052 gerere
1004 2013 1142 2051 statue·

26 2076 106 2107 rent
132 2066 218 2118 (2).

1011 2146 1138 2196 Quum

64 2233 116 2270 (ι)
139 2231 189 2265 cf;
206 2232 273 2272 Jo's.
293 2236 323 2264 in
344 2236 406 2265 vita
427 2237 454 2274 §-
478 2245 528 2276 74.
549 2238 631 2269 Bell.
651 2239 724 2276 Jud.
748 2241 799 2270 ΙΙΙ.
822 2250 852 2278 4.

67 2291 118 2329 (2)
138 2292 187 2321 Cf.
214 2294 291 2324 Bell.
310 2293 381 2330 Jud.
401 2294 449 2323 111.
471 2303 498 2330 7.
519 2296 548 2332 §0
573 2303 606 2331 1,
628 2306 655 2326 ει.

547 2353 580 2391 D
609 2366 629 2390 2
