1487 2703
333 245 404 290 276
569 244 1267 284 COMMENTATlo.

331 361 389 391 res
412 360 667 400 perceperunt.
699 352 954 391 catechismus
972 382 983 401 ‚
1011 355 1135 392 eodem
1155 365 1237 392 cum
1265 352 1368 390 libris
1389 351 1440 390 fa-

332 419 407 458 cris
431 420 624 458 involucro
643 449 655 468 ,
684 422 870 469 compingi
905 433 938 459 et
969 423 1194 461 circumferri
1231 423 1335 462 solet.
1399 423 1439 460 In

331 487 432 527 illum
469 489 750 528 innumerabiles
787 490 912 540 scripti
945 490 1028 529 sunt
1062 491 1312 529 commentarii
1337 489 1440 528 libri·

329 568 404 604 que
426 558 604 603 ascetici,
630 559 667 596 in
708 559 844 607 quibus
873 562 974 599 valde
1016 561 1169 608 dilecti,
1197 569 1233 598 et
1263 569 1438 608 perquam

330 627 512 666 laudandi.
567 627 643 677 Qui
685 629 961 668 Catechismum
998 631 1252 678 vilipendunt,
1274 627 1437 667 censen·

329 704 392 733 tut·
413 697 643 744 doctrinam,
661 697 841 737 sacrorum
867 702 1082 747 auctoritate
1103 699 1282 738 librorum
1311 699 1348 736 in
1369 699 1438 737 Ec·

329 765 434 804 elefifl
461 765 677 806 Reformata
705 778 884 817 receptam
903 798 916 816 ‚
939 768 1146 817 aspernari,
1174 780 1230 807 res
1256 779 1373 806 novas
1399 767 1435 804 in

329 836 512 874 Societate
534 836 748 876 Christiana
776 839 921 885 moliri,
936 850 1017 876 cum
1038 839 1158 886 iisque
1178 839 1323 883 facere,
1339 838 1431 885 qui,

328 907 386 944 vel
417 906 505 944 olim
541 907 737 945 Ecclesiam
774 909 951 957 Belgicam
991 908 1215 954 turbarunt,
1244 908 1303 945 vel
1333 916 1431 944 nunc

329 975 560 1022 doctrinam,
588 987 653 1024 per
679 977 821 1014 divinae
862 978 992 1015 mentis
1026 980 1242 1024 interpretes
1279 973 1436 1022 patefac-

330 1054 401 1081 tam
418 1073 431 1089 ‚
459 1056 654 1093 respuunt.

389 1114 574 1153 Praeterea
617 1117 675 1153 lex
711 1116 976 1164 ecclesiastica,
1013 1119 1056 1155 de
1090 1117 1327 1156 Catechismo
1365 1126 1433 1163 pro

328 1185 507 1223 concione
537 1187 727 1225 tractando
744 1215 755 1233 ,
781 1198 855 1225 non
889 1187 952 1225 nili
981 1199 1062 1225 eum
1091 1187 1129 1225 in
1150 1186 1258 1224 finem
1281 1187 1351 1224 lata
1377 1193 1432 1223 est

328 1264 370 1292 ac
403 1266 468 1303 per
505 1256 582 1293 duo
616 1255 732 1293 secula
762 1265 797 1293 et
835 1258 935 1304 quod
975 1256 1133 1294 excurrit
1171 1255 1351 1302 stabilita,
1393 1263 1433 1290 ut

315 1324 519 1370 doctrina,
549 1336 655 1372 quam
687 1325 882 1372 profitetur
909 1324 1120 1363 Reformata
1143 1325 1180 1362 in
1211 1323 1336 1371 Belgio
1361 1323 1433 1361 Ec—

326 1392 454 1441 clena,
469 1404 711 1443 propagetur,
726 1395 960 1433 conservetur
973 1404 1006 1432 et
1020 1403 1289 1444 propugnetur.
1319 1395 1432 1440 Prop-

328 1473 424 1502 terea
458 1464 543 1502 haec
571 1463 645 1511 ipsa
687 1465 845 1503 Ecclesia
877 1464 1029 1502 dicenda
1066 1462 1164 1501 foret
1201 1462 1424 1507 doctrinam,

331 1537 406 1581 qua
437 1534 656 1573 discernitur
682 1536 914 1582 discernique
943 1534 1082 1583 semper
1115 1534 1233 1571 voluit
1266 1533 1310 1570 ab
1349 1532 1428 1571 aliis

325 1604 621 1645 Christianorum
654 1604 832 1650 familiis,
873 1603 1103 1653 repudiasse,
1132 1614 1227 1641 certe
1250 1604 1429 1651 neglexis-

326 1671 383 1719 se,
410 1673 588 1722 abrogato
631 1676 855 1713 catechismi
892 1675 971 1712 usu.
1038 1675 1159 1712 Cuius
1189 1672 1429 1722 negligentiae

327 1743 529 1790 periculum
564 1754 733 1789 quantam
759 1746 889 1783 animis
924 1746 1124 1783 Doctorum
1153 1754 1186 1781 et
1213 1743 1424 1782 Antistitum

326 1811 517 1850 incusserit
535 1813 788 1859 formidinem,
805 1824 900 1850 anno
918 1814 1025 1851 huius
1047 1812 1155 1850 seculi
1169 1812 1269 1850 sexto
1286 1822 1320 1850 et
1332 1814 1428 1851 deci·

318 1892 412 1925 nm,
445 1893 522 1928 quo
556 1894 650 1920 nova
677 1882 851 1920 rectionis
878 1882 1137 1920 eccleliasticae
1168 1883 1312 1930 forma,
1352 1883 1426 1920 Re-

323 1950 381 1997 gia
409 1951 652 1997 auctoritate,
689 1961 764 1989 erat
793 1953 1052 1990 introducenda
1068 1938 1087 1998 ‚⁷
1116 1954 1223 1990 docet
1254 1951 1428 1999 libellus,

324 2018 419 2067 Regi
457 2021 716 2069 angustissimo
754 2021 922 2067 oblatus,
956 2023 1013 2059 dic
1043 2031 1173 2068 quarto
1208 2021 1364 2066 Martii,
1403 2035 1422 2059 a

322 2088 496 2136 delegatis
532 2090 692 2137 masiis,
729 2103 820 2137 quae
861 2100 947 2129 tunc
988 2102 1082 2134 erat,
1112 2089 1425 2128 Amstelodamen-
1486 2110 1487 2115 =

322 2155 397 2204 fis,
443 2158 505 2205 (o)
553 2161 588 2196 in
642 2172 717 2206 quo
763 2161 830 2197 hae
875 2161 1054 2197 habentur
1103 2161 1292 2206 querelae:
1346 2160 1422 2198 Hcs

1314 2239 1417 2278 rege,

355 2292 406 2331 (ὁ)
429 2295 654 2324 VhLMmorie
673 2307 729 2326 yar:
749 2299 925 2332 bezwarcn,
948 2298 1153 2333 ovorbnndigd
1170 2299 1239 2324 door
1253 2306 1321 2324 eant
1335 2298 1417 2324 Conn-

1351 2354 1421 2380 nir·
