1487 2703
383 174 995 224 THEOLOGICA.'
1163 185 1236 233 289³

139 296 215 328 rate
231 316 244 336 ‚
271 300 535 341 exponuntur,
563 292 704 331 strenue
727 293 982 338 inculcantur,
999 291 1138 338 animi,
1165 302 1248 329 moa

134 369 292 407 rumque
313 347 471 408 pravitas
485 360 629 401 fortiter
644 362 931 411 perstringuntur
952 370 987 399 et
1008 361 1241 399 damnantur.

134 427 309 467 Attamen
333 430 546 470 huiusmodi
566 432 882 471 admonitionibus
901 442 935 470 et
951 430 1240 479 reprehenfioni-

135 496 206 537 bus
220 498 330 538 hodie
353 511 429 538 non
453 500 574 538 minus
587 529 600 549 ‚
616 513 724 550 quam
739 502 827 539 olim
846 530 859 548 ‚
874 511 969 549 opus
992 506 1049 537 est
1061 499 1243 537 christia-

131 566 190 606 nis
214 568 254 606 in
277 571 523 609 conventibus
549 570 671 609 sacris.
725 571 964 621 Quapropter
988 578 1091 616 grato
1114 569 1236 606 animo

131 637 458 688 obtemperandum
491 650 547 680 est
576 640 768 687 instituto,
796 640 841 677 ad
876 639 1091 679 hodiernum
1133 638 1236 675 usum·

129 718 303 756 perquam
340 710 631 748 accommodato,
662 708 731 758 (p)
782 709 978 746 Caeterum
1012 709 1101 744 nolo
1132 717 1235 754 repe·

130 784 234 823 tere,
262 788 355 825 quae
392 777 439 815 ad
475 778 568 818 hanc
594 778 734 816 causam
775 777 995 826 pertinentia
1032 777 1104 814 iam
1127 775 1238 823 supra-

125 845 280 893 notavi‚
317 858 403 896 pag.
425 849 501 895 87,
530 849 590 885 88.
621 849 837 896 153—160.

174 915 218 953 In
241 925 403 963 utroque
422 916 486 955 illo
514 928 645 965 genere
668 917 917 956 doctrinarum
933 945 947 964 ‚
976 928 1060 955 cum
1085 917 1253 964 theores„

123 984 302 1032 dearum,
331 995 407 1024 tum
439 986 679 1036 practicarum
697 1015 710 1033 ‚
750 999 873 1034 quae,
911 987 1007 1024 duce-
1038 983 1230 1026 Cateches't

124 1054 285 1094 Palatina
301 1083 314 1102 ‚
332 1056 368 1093 in
397 1056 642 1094 conventibus
669 1055 777 1094 sacris
800 1055 883 1094 sunt
906 1044 1230 1103 tractandae‚norr

122 1134 258 1170 paucae
283 1123 364 1162 sunt
394 1125 583 1173 oppositae
609 1114 755 1173 placitis
785 1125 977 1164 hominum
1001 1127 1093 1163 male
1124 1124 1229 1163 sano·-

120 1203 200 1232 rum
219 1221 232 1240 ‚
259 1194 322 1241 qui
349 1195 528 1242 imprimis
556 1195 666 1232 huius
693 1194 810 1231 libelli
830 1204 1009 1232 amatores
1035 1203 1069 1232 et
1086 1205 1228 1242 propu-

119 1272 291 1310 gnatores
316 1263 437 1302 haberi
454 1265 634 1312 cupiunt,
658 1252 808 1305 eatenus
835 1274 955 1303 autem
981 1277 1000 1302 a
1027 1266 1222 1319 catechis-¹

118 1344 180 1371 mo
199 1331 347 1381 prorsus
366 1332 586 1374 dissentiunt
602 1363 614 1383 ‚
630 1337 816 1383 quatenus
844 1334 1021 1372 inclinant
1044 1335 1090 1373 ad
1114 1335 1225 1373 ratio·

118 1389 198 1445 nem
212 1402 536 1453 pseudomysticam
550 1432 563 1451 ‚
578 1404 872 1447 enthufiasticam
891 1415 925 1442 et
941 1403 1150 1444 fanaticam.
1182 1404 1225 1444 Si-

119 1476 213 1512 enim
235 1474 442 1512 sanctorum
461 1475 649 1513 hominum
666 1486 750 1512 curn
780 1476 861 1513 Deo
889 1475 1190 1527 coniuncti-onem
1212 1503 1241 1522 ς.

118 1534 211 1592 quae
227 1543 431 1592 phantasiae
457 1552 492 1580 et
517 1543 681 1581 sensuum
709 1552 765 1583 est
786 1571 797 1590 ,
814 1554 890 1580 non
907 1544 1167 1592 intelligentiae
1183 1555 1217 1583 et

115 1614 316 1655 voluntatis
329 1641 341 1660 ‚
353 1623 533 1661 quaerunt
553 1641 565 1659 ‚
579 1624 655 1650 eam
670 1613 813 1660 ignorat
827 1614 1083 1652 Catechismus
1095 1643 1108 1660 ‚
1124 1616 1220 1651 eius-

114 1692 187 1729 que
212 1682 471 1730 improbandae
508 1683 824 1731 opportunitatem
845 1684 1021 1731 praebet,
1049 1696 1149 1732 resp.
1182 1697 1216 1723 l.-

116 1764 175 1800 32.
204 1764 265 1799 51.
293 1763 354 1799 55.
385 1754 448 1790 61.
478 1755 539 1800 84.
574 1754 658 1791 116.
690 1752 729 1790 Si
756 1752 919 1800 Spiritus
943 1740 1232 1792 sanctieffic-aci?

114 1830 221 1859 tatem
249 1821 408 1869 iactant,
437 1824 510 1868 qua
536 1822 726 1859 hominum
754 1822 895 1868 animi,
921 1821 997 1860 fine
1024 1812 1235 1872 Euangelii

110 1891 312 1929 aliorumve
331 1890 635 1929 adminiculorum
651 1903 723 1939 ope
736 1919 749 1938 ,
765 1891 1024 1930 collustrentur
1038 1903 1073 1930 et
1098 1905 1235 1932 emen->v

1132 1966 1224 2004 den*

146 2086 198 2123 (p)
221 2088 301 2117 Hanc
323 2096 445 2124 quoque
464 2089 622 2118 utilitatem
642 2089 794 2120 laudarunt
811 2088 1000 2126 Trfflmviri,
1013 2091 1043 2119 in
1062 2091 1120 2126 iis,
1141 2098 1219 2126 quae*

109 2145 198 2172 modo
218 2145 380 2175 attulimus.
423 2146 531 2181 Neque
551 2155 614 2175 eam
635 2150 832 2182 neglexerunt
856 2147 899 2176 ΒΓ
912 2148 1073 2184 nesius,
1100 2157 1132 2182 p.
1148 2152 1219 2177 2820

108 2200 146 2227 R.
170 2202 201 2228 Β.
224 2201 253 2229 in
277 2203 421 2237 Symbolt's
443 2204 557 2238 saepius
584 2205 726 2239 laudaris,
745 2213 776 2241 p.
805 2209 867 2233 182.
891 2213 920 2232 et
941 2207 989 2235 cl.
1025 2208 1103 2234 Bou
1119 2214 1218 2233 marr·

109 2258 197 2284 nus,
219 2253 282 2288 loc.⁴
305 2255 325 2282 Ι.
346 2261 379 2287 p.
407 2263 471 2287 123.

645 2311 679 2349 T
