1544 2693
244 145 300 185 28
451 138 630 186 HERM.
659 141 685 185 J
690 141 780 186 OH.
813 140 1130 186 ROYAARDS

242 291 266 317 (ε
298 274 398 317 mihi
433 274 563 326 datis,
609 289 660 317 ne
690 273 760 316 illo
795 273 959 330 quidem
1001 283 1214 334 tempore,
1251 289 1336 332 quo

238 375 263 402 «
294 373 370 417 per
409 373 560 402 annum
607 358 725 401 sere''
768 386 822 396 .-
860 371 1068 403 carcerem
1121 358 1335 417 cogitetis,

237 443 288 486 A.
314 443 365 485 A.
399 440 703 497 Trajeetinum!
730 464 776 470 —-
810 457 835 483 c(
857 440 900 483 in
930 441 1210 501 Hispanorum
1241 456 1338 485 ma-

238 543 263 569 «
294 525 414 568 nibus
445 539 646 568 versarer.
708 522 827 567 Hanc
867 523 967 566 mihi
1010 525 1183 581 gratiam
1229 538 1337 569 con-

236 627 261 653 «
293 608 414 652 cessit
458 607 599 660 Deus,
647 614 691 650 ut
732 613 928 650 constans
982 614 1021 650 et
1069 606 1335 652 immutabilis

235 710 260 736 <t
291 705 453 750 semper
481 689 524 733 in
552 705 597 734 ea
622 689 857 748 profitenda
883 690 1245 738 manserim'’(18).

290 858 376 901 Vos
424 864 629 909 antestor,
670 858 720 901 A.
753 859 805 902 A.
847 873 984 902 nonne
1024 858 1202 901 candida
1233 857 1337 902 haec

233 942 361 985 verba
389 941 480 1000 pios
506 939 667 998 spirant
701 940 827 984 animi
853 956 996 985 sensus
1013 973 1025 993 ‚
1056 956 1163 998 quae
1188 940 1338 999 agendi

233 1024 436 1083 principia
467 1023 615 1066 sistunt
650 1023 823 1066 moralia
865 1030 903 1066 et
943 1021 1163 1080 religiosa?
1223 1021 1338 1080 Quid

233 1108 399 1160 mirum,
423 1106 555 1150 virum
576 1106 711 1158 hunc,
736 1106 780 1149 in
807 1105 1051 1150 militaribus
1067 1137 1079 1157 ,
1102 1103 1282 1165 politicis
1297 1110 1338 1150 et

234 1190 512 1249 diplomatieis
557 1197 807 1247 occupatum
834 1222 845 1243 ,
901 1189 1109 1247 religionis
1153 1202 1337 1232 amorem

233 1274 366 1319 ubivis
407 1273 668 1332 prodidisse,
713 1273 908 1330 illumque
939 1289 1029 1317 eam
1066 1272 1200 1317 ubivis
1233 1271 1338 1316 tueri

235 1358 470 1404 studuisse?
526 1357 596 1402 Sic
621 1358 786 1415 quidem
816 1358 948 1416 patuit
974 1358 1016 1400 in
1041 1356 1218 1416 publicis
1242 1370 1340 1401 sce-

235 1445 324 1499 nis;
352 1444 394 1487 in
428 1441 639 1493 Comitiis‚
673 1442 944 1485 conventibus
980 1440 1188 1499 politicis,
1220 1440 1336 1484 aulis.

236 1530 379 1584 Neque
419 1525 523 1569 adeo
566 1524 815 1579 miramur,
843 1538 920 1567 nos
973 1524 1145 1568 eundem
1195 1524 1336 1578 illurn,

239 1625 360 1668 quem
400 1610 601 1666 Legatum
639 1607 912 1665 Reipublicae
942 1607 1128 1651 novimus
1160 1607 1339 1653 Londini

240 1703 363 1751 atque
393 1691 586 1743 Parisiis,
629 1691 670 1733 in
713 1689 893 1749 Synodis
936 1689 1034 1734 item
1077 1693 1337 1749 praesentem

237 1777 414 1828 intueri,
475 1775 725 1833 Antverpiae
748 1805 759 1827 ,
820 1773 1005 1818 Vesaliae
1029 1807 1039 1827 ,
1100 1774 1339 1828 Dordraci,

244 1863 413 1907 Rornae
432 1893 442 1912 ,
487 1867 525 1903 et
553 1860 611 1902 ita
634 1858 800 1915 quidem
834 1867 1118 1918 praesentem,
1149 1867 1194 1904 ut
1223 1860 1344 1905 Mar—

243 1946 340 1989 nixii
380 1943 580 2002 sapientia
620 1943 750 1986 facem
791 1957 917 2001 saepe
956 1944 1195 2001 praetulerit
1236 1944 1339 1988 aliis.

245 2032 331 2074 Nec
360 2029 509 2072 mirum
541 2027 670 2079 adeo,
704 2027 817 2084 quod
848 2027 979 2070 virum
1010 2027 1189 2081 huncce,
1222 2028 1343 2073 Reli·-

249 2114 409 2173 gionis,
447 2111 527 2154 Dei
568 2110 802 2167 Christique
842 2125 983 2154 amore
1009 2113 1278 2169 flagrantem,
1307 2112 1348 2155 in

250 2195 515 2253 Theologicis
544 2195 686 2239 studiis
721 2195 778 2238 ita
821 2203 1067 2255 occupatum
1104 2211 1346 2249 cernamus,
