1487 2703
378 190 682 230 ssoTANtco-
700 187 1078 231 OECONOMch.
1193 193 1195 195 ¹
1221 201 1292 237 105

182 330 214 352 ‚‚
241 303 333 341 flava
360 302 481 349 ‘quina
498 330 510 346 .,
538 302 574 338 in
610 300 806 338 umbonem
830 300 1018 340 ‚coeuntia
1039 318 1058 347 ,v
1080 299 1180 348 stylo
1204 311 1291 348 proa

180 402 211 421 ‚‚
242 372 402 410 minente
419 370 627 417 subviridi‘,
646 371 799 407 aliorum
818 370 1036 408 Solanorum
1052 369 1125 407 ritu
1140 380 1292 409 exeunt.

182 454 232 490 ,ς’
246 443 328 481 Hos
338 442 488 480 fructus
502 439 661 478 rotundi
676 439 868 487 excipiunt
885 469 896 486 ‚
914 441 1041 488 plures
1062 440 1173 478 simul
1189 426 1297 488 quasi

179 523 214 561 33
235 524 284 550 -ex
313 523 458 549 racemo
474 511 735 558 dependentes
753 538 765 557 ‚
792 510 912 555 longis
935 511 1115 557 pediculis
1140 512 1266 549 donati
1286 540 1297 557 ‚

183 593 402 630 ‚‚·quorum
430 580 543 628 aliqui
567 591 699 628 parvae
722 580 827 617 nucis
844 608 855 626 ,
884 580 945 617 alii
972 581 1171 618 Avellanae
1199 592 1298 629 magn

183 651 436 699 53¹nitudine'3
477 650 661 687 immaturi
698 649 1008 697 atro-virentes,
1047 651 1178 688 maturi
1203 661 1300 688 atro·

181 721 446 768 bvi-uiuentes,
475 719 593 757 rarius
619 719 693 757 albi
723 729 757 757 et
791 719 937 766 striati,
968 720 1115 759 humida
1145 730 1180 758 et
1207 722 1298 759 albi-

181 819 213 840 „
240 800 363 828 cante,L
379 791 503 838 pulpa.
518 789 607 827 -flavi
623 815 637 832 ‚
665 800 758 836 quae
784 799 820 826 et
842 790 1047 827 seminibus
1067 791 1194 827 multis
1216 796 1296 839 par-

182 862 298 909 „vis
315 889 327 908 ‚
356 859 476 908 planis
502 858 748 896 subrotundis
769 858 936 897 conferta
962 869 1034 899 est.
1082 861 1187 898 Folia
1210 873 1298 909 pro-

180 959 211 978 „
239 931 307 968 mit
331 942 373 968 ex
397 929 486 967 atris
513 929 818 977 purpurascentia
835 957 847 975 ‚
876 931 1038 978 villosa,
1069 943 1162 978 quae
1194 932 1293 969 dein-

179 1028 210 1048 „
239 1001 284 1038 de
321 999 500 1048 explicata
531 999 682 1036 viridem
710 1001 934 1038 contrahunt
970 1003 1161 1048 colorem,
1203 1004 1295 1040 alata

178 1099 209 1118 ‚,
238 1082 282 1109 ex
308 1078 471 1119 quatuor
490 1078 552 1109 aut
577 1070 701 1116 quinis
729 1072 1058 1120 conjugationibus
1076 1100 1088 1118 ‚
1117 1072 1293 1110 latiuscu-

176 1169 208 1189 ‚,
235 1141 282 1180 lis
300 1150 335 1178 et
348 1141 592 1179 subrotundis
607 1142 814 1188 composita
824 1128 843 1187 Α,
863 1141 1000 1188 quibus
1020 1142 1137 1191 impar
1159 1154 1289 1190 unum,

175 1239 207 1258 a,
233 1211 387 1258 reliquis
418 1211 534 1259 maJ'us
550 1238 563 1256 ‚
590 1212 680 1248 alam
705 1210 858 1249 claudit.

227 1309 258 1328 ‚,
288 1281 409 1318 Radix
433 1280 609 1317 tuberosa
642 1290 725 1326 est,
756 1281 955 1327 aliquando
978 1284 1092 1330 pugni
1117 1284 1290 1332 magtitu·

175 1379 206 1399 „
235 1351 342 1398 dine,
358 1350 557 1398 aliquando
584 1349 745 1398 oblonga
761 1377 773 1396 ,
795 1350 991 1398 aliquando
1004 1352 1176 1398 minima,
1193 1354 1290 1392 inae·

175 1450 206 1470 ‚,
236 1421 379 1470 qualis,
408 1420 629 1468 quibusdam
655 1415 824 1468 vestigiis
847 1419 1022 1469 insignita
1046 1423 1142 1460 unde
1160 1425 1294 1472 germi-

175 1520 206 1540 ‚‚
234 1503 280 1530 na
305 1502 401 1529 anno
428 1498 608 1538 sequente
620 1500 804 1527 emersura
818 1498 907 1530 sunt
925 1519 937 1537 ‚
953 1499 1041 1528 cute
1057 1494 1156 1530 tenui
1175 1522 1187 1539 ‚
1206 1493 1286 1531 fus.

138 1570 141 1572 '
173 1590 205 1610 „
234 1574 276 1600 ca
311 1570 375 1600 aut
395 1559 674 1599 atro-rubente
707 1569 827 1606 tecta,
855 1561 1013 1599 medulla
1037 1562 1117 1599 sive
1150 1574 1285 1610 carne,

173 1662 203 1681 2,
233 1634 340 1672 firma·
368 1640 404 1669 et
427 1631 523 1669 alba.
571 1631 630 1668 Ad
651 1630 765 1668 caulis
790 1639 958 1669 exortum
995 1632 1133 1670 radices
1158 1634 1282 1682 plures

171 1733 203 1753 ‚‚
231 1703 390 1741 fibrosae
412 1702 595 1749 oblongae
615 1701 812 1739 albicantes
827 1730 839 1748 ‚
870 1712 936 1749 per
958 1710 1087 1739 terram
1109 1714 1256 1751 sparsae
1272 1733 1284 1751 ‚

171 1802 202 1821 ,,
230 1773 456 1825 quandoque
476 1779 515 1809 et
542 1769 729 1818 profunde
755 1771 1044 1816 descendentes,
1073 1771 1210 1818 quibus
1247 1783 1283 1810 et

170 1872 200 1891 ‚,
228 1845 319 1882 aliae
336 1843 536 1881 tuberosae
549 1842 689 1879 radices
710 1841 960 1878 adnascuntur
976 1869 987 1888 ‚
1005 1841 1053 1885 ita
1066 1832 1117 1878 ¹ut
1136 1844 1283 1890 plantae

174 1943 205 1963 „
229 1914 396 1963 hyemem
436 1923 567 1949 versus
606 1920 756 1954 erutae,
808 1913 907 1949 ultra
935 1912 1173 1959 quadraginta
1200 1913 1283 1961 (alii

167 2012 198 2032 ‚,
227 1982 496 2031 quinquaginta
512 1985 709 2028 notar-unt)
740 1980 870 2018 tubera
905 1981 1068 2020 diversae
1098 1982 1282 2030 magnitu-

165 2080 197 2100 „
224 2053 320 2091 dinis
343 2052 594 2092 notaverimus
614 2080 627 2098 ‚
654 2062 814 2098 quorum
844 2049 978 2100 majora
1012 2043 1049 2089 in
1078 2064 1167 2091 usus
1192 2054 1282 2091 edu-

165 2151 197 2170 „
226 2124 279 2161 les
321 2133 539 2168 servantur,
568 2130 603 2158 et
636 2120 796 2158 minores
829 2121 1107 2169 propagationis
1145 2133 1280 2168 causa,

167 2220 198 2239 „
225 2200 341 2229 terrac
363 2190 662 2228 committuntur.
718 2188 876 2227 Radices
917 2190 1022 2228 etiam
1059 2190 1171 2229 variis
1201 2203 1285 2239 par·

166 2288 197 2308 ,,
227 2258 331 2298 tibus'
366 2270 485 2299 sectae
502 2288 514 2307 ,
556 2271 599 2297 ex
647 2260 814 2307 quolibet
864 2260 973 2297 oculo
1010 2272 1075 2298 seu
1118 2261 1279 2309 vestigio

1163 2359 1193 2379 92
1222 2343 1276 2369 re·
