1544 2693
448 184 1047 225 TIIEOLOGICA.
1257 197 1303 232 43

190 305 357 336 accurate
400 304 605 343 exponunt.
685 294 792 343 Quae
838 293 936 331 enim
977 292 1158 331 divinitus
1195 292 1306 330 nobis

191 365 370 417 patefacta
398 364 507 411 sunt,
535 376 662 402 eorum
696 376 780 413 pars
813 365 913 401 nulla
947 375 966 401 a
1000 363 1230 401 doctoribusi
1253 372 1310 401 est

192 437 341 475 celanda
373 444 436 473 aut
470 435 700 483 negligenda.
765 435 922 472 Peccant
963 434 1104 482 igitur,
1144 435 1237 481 qui,
1270 434 1308 471 in

190 507 361 556 partibus
400 505 588 544 doctrinae
624 505 839 543 theoreticis
884 504 1074 542 tradendis
1109 504 1321 553 occupati,v

192 577 374 624 practicas
402 576 724 624 praetermittunt,
759 577 821 614 vel
859 574 919 612 his
955 575 1126 613 contenti
1161 574 1207 613 ab
1240 575 1314 613 illis

193 646 390 685 abstinent.
444 648 599 685 Peccant
617 674 629 693 ,
658 646 750 693 qui,
779 645 972 684 Christum
999 646 1190 683 doctorem
1213 655 1317 693 praea-

192 718 331 755 clarum
366 718 586 762 laudanteS,
637 725 720 753 eum
757 726 833 753 non
867 715 1031 753 {imiliter
1066 714 1319 754 Conservato-

192 786 271 825 rem'
306 786 540 836 praedicant:
585 787 670 831 vel,
711 795 866 822 mortem
904 784 988 823 eius
1022 784 1214 822 hominum
1251 796 1318 822 ex·

192 856 411 904 piandorum
451 867 561 894 causa
597 856 786 893 toleratam
830 855 1082 902 celebrantes,
1122 854 1168 892 de
1199 854 1319 904 impe·
1361 858 1364 862 '

194 927 250 964 rio
283 926 387 973 eius,
422 926 468 964 de
499 927 578 974 lege
606 927 710 974 regni
745 927 948 972 coelestis,
977 927 1022 963 de
1057 925 1236 963 sententia
1271 925 1317 963 ab

195 1008 239 1035 eo
267 997 387 1036 iudice
411 996 590 1043 ferenda,
620 996 739 1034 filent.
793 996 972 1043 Peccant,
1002 996 1068 1043 qui
1092 996 1161 1033 alia
1187 996 1320 1034 Chris-

196 1055 381 1104 tianorum
422 1066 541 1104 officia
578 1067 794 1112 inculcant,
850 1067 894 1104 de
929 1066 1011 1104 aliis
1048 1066 1317 1114 praecipiendis

196 1135 260 1173 vix
279 1137 459 1185 cogitant.
514 1138 642 1184 Atque
662 1137 712 1174 ita
731 1137 935 1174 innumeris
959 1138 1080 1175 modis
1106 1136 1228 1175 officio'
1251 1137 1318 1175 suo

196 1205 320 1244 deesse
354 1206 512 1254 possunt
554 1207 732 1244 Oratores
771 1206 888 1254 sacri,
931 1207 1089 1254 aliquam
1129 1207 1321 1245 doctrinae

195 1276 370 1314 coelestis
398 1286 537 1324 partem
574 1285 849 1324 praetereuntes
882 1277 941 1313 vel
971 1287 1047 1314 non
1083 1277 1150 1315 nifi
1184 1276 1318 1315 curfim

194 1347 240 1385 de
278 1358 319 1384 ea
350 1346 528 1385 dicentes.
585 1347 671 1385 Hoc
707 1356 829 1384 autem
869 1348 1004 1384 malum
1044 1347 1185 1395 optime
1214 1358 1320 1395 prae-

194 1416 387 1454 cavebitur
410 1416 562 1455 definito
590 1417 717 1464 aliquo
741 1417 892 1463 ordine,
922 1428 999 1464 quo
1024 1419 1164 1466 integra
1184 1418 1316 1457 Chris-

196 1486 224 1523 ti
250 1485 419 1524 doctrina
445 1498 515 1534 pro
541 1486 725 1524 concione
753 1495 974 1534 exponatur.

246 1556 376 1593 Prouti
401 1556 586 1602 docendi,
629 1556 678 1592 ita
714 1556 821 1593 etiam
860 1557 1034 1594 monendi
1067 1557 1151 1595 sunt
1186 1558 1319 1597 Chris·

194 1624 283 1661 tiani
299 1652 312 1670 ,
340 1635 386 1662 ne
409 1636 537 1663 eorum
563 1636 706 1663 errores
733 1626 950 1674 admittant,
979 1627 1043 1675 qui
1067 1626 1145 1665 Iesu
1170 1628 1318 1667 Christi

196 1694 427 1742 doctrinam,
465 1694 538 1733 five
567 1696 717 1743 prorsus
743 1697 968 1745 repudiant,
996 1696 1071 1735 five
1100 1708 1202 1746 parte
1229 1712 1318 1750 qua·

197 1764 279 1803 dam
320 1765 494 1813 privant,
549 1766 623 1805 five
668 1778 744 1804 eam
783 1768 966 1804 maculant
1002 1779 1043 1806 ac
1093 1768 1317 1809 deformant.

196 1834 392 1873 Errorum
418 1845 569 1884 autem,
610 1837 792 1885 imprimis
820 1838 1141 1888 periculosorum,
1180 1840 1321 1879 refuta-

197 1906 251 1943 tio
278 1905 419 1954 optime
444 1918 528 1943 curn
552 1908 734 1954 genuinae
755 1909 946 1947 doctrinae
975 1910 1206 1959 expositione
1228 1923 1319 1950 con·

194 1974 376 2023 iungitur.
431 1976 672 2026 Quapropter
705 1980 905 2017 verendum
939 1989 1024 2027 est,
1051 1992 1099 2019 ne
1122 1982 1319 2021 huiusmo-

195 2044 235 2082 di
277 2046 550 2085 admonitiones
600 2049 788 2097 negligant
833 2051 1028 2100 Euangelii
1058 2051 1316 2101 interpretes,

197 2113 265 2151 nist
301 2115 339 2152 in
370 2115 521 2165 fingulis
547 2118 737 2156 doctrinae
767 2120 1003 2159 Christianae
1039 2123 1210 2170 partibus
1245 2136 1315 2172 pro

198 2184 388 2223 concione‘
408 2188 592 2226 tradendis
619 2188 831 2238 diligentem
858 2200 1001 2239 ponant
1028 2203 1195 2241 operam.

251 2254 290 2292 Si
319 2255 404 2303 quis
431 2255 529 2295 forte
563 2268 700 2308 putet,
727 2260 820 2299 hanc
856 2262 1116 2312 negligentiam
1139 2264 1186 2302 ab
1210 2264 1321 2303 indu·

1200 2334 1315 2384 strio,
