1487 2703
500 83 1012 130 LITERARQm
1262 104 1307 145 ω

242 189 343 228 Cum
371 190 501 229 Essaei
528 194 649 232 omnia
679 197 762 234 Deo
789 199 868 235 sive
901 199 995 239 Fato
1029 202 1305 252 adscriberent,

192 258 499 308 voluntatemque
540 264 732 303 hominum
773 268 922 306 liberam
969 272 1169 319 tollerent,
1217 276 1306 313 Sad-

190 329 318 368 ducaei
362 342 451 370 vero
497 345 643 373 omnem
690 337 759 375 Dei
797 340 1065 386 providentiam
1099 355 1315 392 negarent,-

190 395 376 437 Pharisaei
404 411 480 438 non
514 401 592 450 ita,
628 405 721 451 sed,
751 407 868 445 media
904 410 1000 447 inter
1027 420 1208 460 utrosque
1246 414 1303 452 via

189 469 461 519 procedentes,
490 473 661 512 dicebant
695 487 714 513 a
755 478 837 515 Deo
871 480 993 516 omnia
1028 481 1134 525 fieri,
1171 492 1208 520 et
1235 484 1303 521 ho·

187 536 298 576 minis
332 542 560 581 voluntatem
598 555 675 582 non
711 535 905 593 privabant
941 561 960 587 a
997 550 1057 597 vi,
1093 552 1174 598 ipsa
1209 565 1228 590 a
1259 565 1301 592 se

185 607 368 653 pendente
395 610 477 659 (1).
533 612 584 650 Hi
612 625 701 663 ergo
733 615 900 655 homines
928 629 1006 656 non
1032 621 1086 657 uti
1112 622 1298 661 machinas

185 677 252 714 sed
281 686 454 726 tanquam
493 682 606 720 libere
639 685 844 733 cogitantes
878 697 916 726 et
949 699 1097 736 agentes
1134 692 1300 729 contem·

180 746 380 794 plabantur
399 759 436 787 et
460 752 544 798 quis
567 764 674 801 neget
694 756 767 793 hoc
800 757 837 794 in
868 757 1086 797 historicum
1116 771 1295 800 summam

179 815 315 855 habere
349 822 423 857 vim
462 830 498 859 et
528 823 802 873 efficacitatem3
832 835 920 863 tunc
953 828 1048 866 enim
1083 840 1141 866 res
1173 840 1294 878 gestas

177 886 284 925 aliter
308 889 423 928 homo
454 895 752 943 contemplatur3
791 896 830 934 in
865 909 997 936 causas*
1023 898 1199 947 inquirit,
1228 913 1295 939 cur

178 955 348 997 homines
379 960 433 998 sic
471 963 529 999 vel
559 964 664 1001 aliter
700 966 869 1013 egerint,
908 979 974 1006 cur
1011 969 1100 1006 haec
1135 971 1193 1007 vel
1232 971 1293 1008 illa

174 1028 400 1079 acciderint3
429 1032 474 1069 ad
510 1041 720 1082 temporum
760 1045 795 1073 et
820 1037 988 1074 locorum
1018 1039 1194 1077 rationem
1216 1041 1294 1078 ani·

174 1098 396 1148 madvertit,
450 1111 486 1139 et
530 1104 698 1150 quamvis
737 1105 908 1144 Divinam
951 1117 1119 1145 naturam
1155 1121 1291 1158 agnos·

171 1167 250 1216 cit,
291 1181 383 1216 quae
416 1183 545 1210 omnes
575 1185 633 1211 res
672 1185 822 1222 gestas,
862 1177 1131 1225 hominumque
1162 1179 1285 1226 facta,

167 1238 402 1285 providentia
436 1252 503 1278 sua
536 1242 772 1290 moderatur,
803 1256 941 1282 causas¹
962 1255 1081 1283 tamen
1104 1249 1285 1286 naturales

166 1307 337 1355 indagare
372 1320 556 1358 conatur3
594 1324 757 1361 easque,
794 1314 860 1351 ubi
890 1316 1054 1362 adsunt,
1083 1326 1181 1354 recte
1209 1321 1289 1355 ani-

166 1377 388 1425 madvertit‚
431 1380 547 1417 verbo
587 1383 812 1431 pragmatico
846 1385 957 1422 modo
995 1395 1116 1424 narrat
1149 1396 1186 1424 et
1220 1389 1282 1426 de·

163 1447 308 1485 scribit.

211 1516 417 1556 Pharisaeis
450 1520 556 1558 etiam
586 1522 736 1570 proprIa
766 1532 842 1561 erat
879 1525 1144 1574 interpretandi
1183 1530 1276 1568 ratio

160 1587 338 1632 quaedam
374 1589 413 1625 in
442 1589 566 1627 verbis
604 1592 750 1638 quidem
790 1594 972 1632 serviliter
1005 1597 1183 1645 haerens,
1229 1599 1278 1638 ita

159 1655 329 1703 ut-leges
365 1657 552 1696 Mosaicas
592 1661 739 1706 quidem
776 1664 878 1700 omni
915 1665 1044 1713 vigore
1077 1669 1277 1707 et'lumine

154 1735 267 1773 saepe
311 1726 499 1775 privaret,
553 1738 710 1768 attamen
764 1732 945 1772 historico
989 1737 1108 1774 multo
1153 1740 1276 1778 minus

155 1795 296 1843 noxia,
325 1808 432 1843 quam
464 1798 524 1836 illa
552 1800 661 1847 plane
698 1803 872 1849 opposita
912 1804 1027 1852 ratio,
1071 1817 1163 1854 quae
1198 1820 1275 1847 non

154 1865 361 1914 proprium>
381 1868 671 1916 proximumque
711 1872 910 1911 verborum
947 1886 1099 1914 sensum
1123 1889 1275 1926 vspecta·

152 1943 235 1983 ret,
286 1937 352 1992 sed
389 1947 573 1977 remotum
618 1943 796 1987 quendam
842 1953 880 1981 et
914 1945 1128 1994 figuratum,
1191 1951 1269 1987 sive

518 2012 521 2015 i
1179 2021 1270 2056 alle-

187 2102 242 2140 (ι)
263 2103 320 2134 eff.
342 2105 380 2132 de
411 2106 574 2135 Pharisaeis
597 2108 666 2145 Jos.
684 2110 770 2137 Ant.
794 2109 878 2139 xlm
904 2119 947 2140 ιο.
976 2113 1002 2148 5.
1024 2121 1120 2151 5.,39.
1150 2114 1264 2143 xvm.

150 2169 177 2190 ι.
201 2162 229 2197 S.
253 2168 281 2194 3.
300 2160 375 2192 Bell.
393 2162 466 2200 Jud.
487 2163 525 2193 11.
546 2167 574 2194 8.
598 2165 626 2201 S.
646 2173 693 2202 14.
718 2168 946 2205 Euangelistae,
965 2169 1087 2204 passim.
1125 2185 1136 2189 -
