1487 2703
338 181 849 222 LITERARIA.
1109 195 1158 231 47

43 291 267 336 seditionum
302 292 376 330 isto
417 300 567 330 auctore
604 302 743 340 poenas
779 299 967 339 sumeret,
1022 291 1083 330 ille
1118 292 1157 331 id

42 357 194 408 noluit,
229 361 349 409 quia,
387 361 443 399 uti
477 373 621 409 semper
655 360 817 407 fecerat,
854 362 934 399 sine
962 362 1073 400 caede
1098 370 1158 400 tn-
1191 367 1194 370 ’

44 432 184 474 multus
231 443 457 480 componere
501 432 689 471 studebat.
769 433 869 470 Dolo
907 443 994 481 ergo
1035 433 1158 471 denuo

43 513 136 540 usus
169 509 242 540 est.
295 503 470 541 Edictum
494 501 720 550 proposuit,
749 514 827 549 quo
852 501 960 540 fidem
982 503 1165 540 dextram-

44 582 117 619 que
151 583 193 610 se
230 572 304 610 illis
340 573 527 622 porrigere
559 572 731 620 dicebat,
759 573 824 621 qui
854 574 1016 623 Johanni
1041 585 1082 611 se
1102 574 1166 611 ad-

41 642 267 691 junxerant,
295 643 497 681 dummodo
522 643 808 691 recipiscerent3
838 655 913 690 quo
940 642 1080 683 factum
1106 652 1164 683 est

45 720 89 750 ut
131 721 293 759 quatuor
337 712 529 750 hominum
567 712 679 751 millia
715 726 734 750 a
762 714 934 763 Johanne
967 715 1166 753 deficerent

44 781 91 819 ad
122 781 359 831 Josephum,
386 783 436 820 ita
461 790 503 819 ut
529 783 573 820 ab
603 794 648 820 eo
678 783 773 821 nibil
804 783 963 831 amplius
1001 794 1169 824 metuen-

45 851 133 895 dum
168 860 283 890 esset.
566 893 568 897 ,
1073 893 1075 897 .

98 920 335 971 Quamquam
372 921 426 959 sic
455 922 583 960 hostes
615 922 809 960 domestici
845 932 972 962 essent
998 924 1164 971 devicti,

46 1000 168 1030 tamen
205 993 330 1040 quiete
356 1001 394 1031 et
434 993 527 1030 laeta
562 1004 652 1041 pace
690 1004 767 1031 non
801 993 865 1031 diu
903 994 1006 1042 regio
1036 994 1168 1033 infelix

45 1061 173 1110 gavisa
202 1070 290 1110 est,
340 1062 431 1110 quin
464 1062 607 1100 incolae
642 1074 787 1111 semper
821 1063 1001 1102 timebant
1029 1065 1168 1103 Roma·

44 1142 117 1170 nos
133 1159 148 1179 ,
174 1139 213 1171 et
243 1133 354 1171 urbes
382 1132 575 1181 primariae
600 1133 788 1171 interitum
814 1135 937 1172 'veluti
962 1144 1046 1174 ante
1077 1146 1166 1173 ocu-

49 1202 109 1241 los
137 1201 350 1250 habebant,
393 1202 570 1250 quamdiu
600 1204 750 1253 Judaeis
785 1212 910 1242 essent
947 1204 1167 1255 subjectae3

45 1281 160 1319 nam,
211 1271 393 1310 Romanis
426 1272 709 1310 advenientibus
730 1300 743 1320 ,
788 1282 890 1312 certe
932 1275 1016 1312 illae
1043 1276 1167 1314 statim

49 1341 94 1379 ab
129 1341 233 1380 hisce
267 1342 490 1381 delerentur.
554 1343 708 1390 Semper
736 1354 824 1391 ergo
861 1344 984 1383 adhuc
1018 1345 1171 1385 seditio-

49 1422 117 1451 nes
154 1411 304 1462 maJ'oris
339 1412 541 1450 minorisve
575 1414 753 1451 momenti
788 1423 919 1453 contra
955 1416 1165 1465 Josephum

51 1482 269 1530 flagrabant.
337 1482 397 1521 Sic
431 1483 676 1531 Sepphoritae
707 1484 753 1522 ad
783 1485 955 1524 Cestium
985 1486 1166 1535 Gallum,

50 1551 189 1601 Lyriae
223 1553 451 1601 praesidem,
494 1553 677 1592 miserunt
718 1556 857 1604 legatos
895 1556 961 1604 qui
993 1556 1171 1595 auxilium

49 1631 181 1662 eontra
207 1623 413 1672 josephum
447 1631 629 1672 peterent.
708 1625 806 1663 Cum
852 1634 974 1664 autem
1018 1627 1171 1665 Cestius

56 1706 135 1734 non
165 1694 291 1733 statim
323 1694 493 1741 veniret,
516 1694 737 1744 Josephus‚
766 1695 869 1734 hisce
892 1696 1054 1745 auditis,
1082 1709 1173 1736 con—

56 1775 113 1804 tra
141 1765 274 1804 urbem
306 1765 503 1814 profectus
542 1773 626 1813 est,
653 1777 809 1814 eamque
845 1767 882 1804 vi
920 1768 1171 1818 expugnavit,

54 1837 192 1877 milites
225 1844 347 1875 autem
384 1835 450 1883 qui
479 1846 626 1874 summo
664 1837 751 1874 odio
786 1837 973 1875 habebant
1003 1838 1171 1885 incolas,

56 1906 180 1946 omnia
213 1906 459 1956 diripuerunt.
510 1906 729 1956 Josephus,
758 1907 826 1954 qui
857 1909 960 1945 nullo
993 1909 1105 1947 modo
1134 1909 1173 1948 id

56 1977 257 2027 prohibere
286 1975 436 2025 potuit,
464 1987 647 2014 rumorem
685 1977 824 2026 spargit
848 1978 1039 2017 Romanos
1063 1979 1103 2017 in
1124 1980 1176 2018 al·

58 2057 171 2087 teram
201 2047 305 2085 urbis
332 2055 471 2096 partem
495 2046 715 2095 advenisse,
741 2047 791 2084 ita
818 2056 860 2086 ut
884 2048 1021 2087 milites
1047 2061 1175 2088 omnes

61 2119 190 2158 urbem
243 2129 353 2166 quam
402 2115 583 2155 citissime
632 2117 751 2155 relicti
796 2117 888 2158 sint.
965 2118 1138 2157 Tiberias
1161 2147 1175 2166 ,

62 2188 232 2238 quamvis
281 2196 381 2226 tanta
423 2187 547 2236 gravia
589 2198 765 2237 perpessa
825 2197 945 2236 esset,
1002 2198 1176 2238 tantaque

67 2254 165 2297 bona
193 2257 360 2307 Josepho
394 2257 568 2304 deberet,
616 2267 736 2297 tamen
771 2258 895 2307 quieta
933 2270 1079 2299 manere
1107 2271 1178 2298 no-

1092 2330 1175 2370 luit.
