<?xml version="1.0" encoding="UTF-8"?>
<!DOCTYPE html PUBLIC "-//W3C//DTD XHTML 1.0 Transitional//EN"
    "http://www.w3.org/TR/xhtml1/DTD/xhtml1-transitional.dtd">
<html xmlns="http://www.w3.org/1999/xhtml" xml:lang="en" lang="en">
 <head>
  <title>
</title>
<meta http-equiv="Content-Type" content="text/html;charset=utf-8" />
  <meta name='ocr-system' content='tesseract 3.04.00' />
  <meta name='ocr-capabilities' content='ocr_page ocr_carea ocr_par ocr_line ocrx_word'/>
</head>
<body>
  <div class='ocr_page' id='page_1' title='image "annalesacademiae34rhen_0413.png"; bbox 0 0 1487 2703; ppageno 0'>
   <div class='ocr_carea' id='block_1_1' title="bbox 498 176 1303 225">
    <p class='ocr_par' dir='ltr' id='par_1_1' title="bbox 498 176 1303 225">
     <span class='ocr_line' id='line_1_1' title="bbox 498 176 1303 225; baseline -0.005 -5"><span class='ocrx_word' id='word_1_1' title='bbox 498 176 1087 221; x_wconf 71' lang='lat' dir='ltr'>THEOLOGICA.</span> <span class='ocrx_word' id='word_1_2' title='bbox 1230 180 1303 225; x_wconf 79' lang='lat'>285</span> 
     </span>
    </p>
   </div>
   <div class='ocr_carea' id='block_1_2' title="bbox 194 288 1347 2353">
    <p class='ocr_par' dir='ltr' id='par_1_2' title="bbox 194 288 1347 2353">
     <span class='ocr_line' id='line_1_2' title="bbox 201 288 1309 340; baseline -0.005 -8"><span class='ocrx_word' id='word_1_3' title='bbox 201 296 303 340; x_wconf 83' lang='lat' dir='ltr'>lent,</span> <span class='ocrx_word' id='word_1_4' title='bbox 341 290 453 331; x_wconf 84' lang='lat' dir='ltr'>fuisse</span> <span class='ocrx_word' id='word_1_5' title='bbox 481 292 518 330; x_wconf 90' lang='lat' dir='ltr'>id</span> <span class='ocrx_word' id='word_1_6' title='bbox 541 291 627 329; x_wconf 90' lang='lat' dir='ltr'>olim</span> <span class='ocrx_word' id='word_1_7' title='bbox 655 291 740 330; x_wconf 90' lang='lat' dir='ltr'>satis</span> <span class='ocrx_word' id='word_1_8' title='bbox 767 290 1001 328; x_wconf 88' lang='lat' dir='ltr'>commodum</span> <span class='ocrx_word' id='word_1_9' title='bbox 1027 297 1062 325; x_wconf 91' lang='lat' dir='ltr'>et</span> <span class='ocrx_word' id='word_1_10' title='bbox 1094 288 1208 336; x_wconf 86' lang='lat' dir='ltr'>utile,</span> <span class='ocrx_word' id='word_1_11' title='bbox 1242 299 1309 326; x_wconf 88' lang='lat' dir='ltr'>no·</span> 
     </span>
     <span class='ocr_line' id='line_1_3' title="bbox 206 358 1308 410; baseline -0.006 -8"><span class='ocrx_word' id='word_1_12' title='bbox 206 363 279 403; x_wconf 86' lang='lat' dir='ltr'>stro</span> <span class='ocrx_word' id='word_1_13' title='bbox 319 374 410 402; x_wconf 78' lang='lat' dir='ltr'>vero</span> <span class='ocrx_word' id='word_1_14' title='bbox 446 371 646 410; x_wconf 82' lang='lat' dir='ltr'>tempore,</span> <span class='ocrx_word' id='word_1_15' title='bbox 698 361 823 399; x_wconf 91' lang='lat' dir='ltr'>multis</span> <span class='ocrx_word' id='word_1_16' title='bbox 868 361 913 397; x_wconf 89' lang='lat' dir='ltr'>de</span> <span class='ocrx_word' id='word_1_17' title='bbox 953 358 1069 397; x_wconf 77' lang='lat' dir='ltr'>causis</span> <span class='ocrx_word' id='word_1_18' title='bbox 1115 359 1308 406; x_wconf 83' lang='lat' dir='ltr'>ineptum,</span> 
     </span>
     <span class='ocr_line' id='line_1_4' title="bbox 205 428 1310 481; baseline -0.009 -8"><span class='ocrx_word' id='word_1_19' title='bbox 205 433 385 481; x_wconf 84' lang='lat' dir='ltr'>noxium,</span> <span class='ocrx_word' id='word_1_20' title='bbox 409 443 449 471; x_wconf 88' lang='lat' dir='ltr'>ac</span> <span class='ocrx_word' id='word_1_21' title='bbox 475 441 669 481; x_wconf 88' lang='lat' dir='ltr'>propterea</span> <span class='ocrx_word' id='word_1_22' title='bbox 693 431 969 478; x_wconf 87' lang='lat' dir='ltr'>antiquandum.</span> <span class='ocrx_word' id='word_1_23' title='bbox 1008 428 1111 466; x_wconf 84' lang='lat' dir='ltr'>Nolo</span> <span class='ocrx_word' id='word_1_24' title='bbox 1135 439 1233 465; x_wconf 90' lang='lat' dir='ltr'>nunc</span> <span class='ocrx_word' id='word_1_25' title='bbox 1258 439 1310 463; x_wconf 83' lang='lat' dir='ltr'>re·</span> 
     </span>
     <span class='ocr_line' id='line_1_5' title="bbox 207 496 1309 552; baseline -0.008 -10"><span class='ocrx_word' id='word_1_26' title='bbox 207 512 358 552; x_wconf 85' lang='lat' dir='ltr'>petere,</span> <span class='ocrx_word' id='word_1_27' title='bbox 386 513 479 551; x_wconf 87' lang='lat' dir='ltr'>quae</span> <span class='ocrx_word' id='word_1_28' title='bbox 499 502 574 540; x_wconf 84' lang='lat' dir='ltr'><strong>dixi</strong></span> <span class='ocrx_word' id='word_1_29' title='bbox 590 529 602 548; x_wconf 85' lang='lat'><strong>‚</strong></span> <span class='ocrx_word' id='word_1_30' title='bbox 629 512 712 538; x_wconf 87' lang='lat' dir='ltr'>cum</span> <span class='ocrx_word' id='word_1_31' title='bbox 738 501 782 538; x_wconf 88' lang='lat' dir='ltr'>ad</span> <span class='ocrx_word' id='word_1_32' title='bbox 806 500 1015 538; x_wconf 86' lang='lat' dir='ltr'><strong>laudandam</strong></span> <span class='ocrx_word' id='word_1_33' title='bbox 1031 496 1309 535; x_wconf 83' lang='lat' dir='ltr'>defendendam-</span> 
     </span>
     <span class='ocr_line' id='line_1_6' title="bbox 206 565 1309 621; baseline -0.008 -9"><span class='ocrx_word' id='word_1_34' title='bbox 206 584 280 621; x_wconf 89' lang='lat' dir='ltr'>que</span> <span class='ocrx_word' id='word_1_35' title='bbox 311 570 529 612; x_wconf 84' lang='lat' dir='ltr'>Catechefin</span> <span class='ocrx_word' id='word_1_36' title='bbox 571 570 791 616; x_wconf 77' lang='lat' dir='ltr'><strong>Palatinam,</strong></span> <span class='ocrx_word' id='word_1_37' title='bbox 839 568 951 606; x_wconf 86' lang='lat' dir='ltr'>huius</span> <span class='ocrx_word' id='word_1_38' title='bbox 989 566 1107 605; x_wconf 88' lang='lat' dir='ltr'>Partis</span> <span class='ocrx_word' id='word_1_39' title='bbox 1141 566 1237 614; x_wconf 86' lang='lat' dir='ltr'>Cap.</span> <span class='ocrx_word' id='word_1_40' title='bbox 1280 565 1309 604; x_wconf 90' lang='lat'>1.</span> 
     </span>
     <span class='ocr_line' id='line_1_7' title="bbox 206 635 1313 687; baseline -0.007 -6"><span class='ocrx_word' id='word_1_41' title='bbox 206 653 285 681; x_wconf 85' lang='lat' dir='ltr'>tum</span> <span class='ocrx_word' id='word_1_42' title='bbox 305 643 350 681; x_wconf 87' lang='lat' dir='ltr'>ad</span> <span class='ocrx_word' id='word_1_43' title='bbox 379 639 708 679; x_wconf 88' lang='lat' dir='ltr'>commendandum</span> <span class='ocrx_word' id='word_1_44' title='bbox 731 649 766 676; x_wconf 88' lang='lat' dir='ltr'>et</span> <span class='ocrx_word' id='word_1_45' title='bbox 794 637 1061 687; x_wconf 84' lang='lat' dir='ltr'>protegendum</span> <span class='ocrx_word' id='word_1_46' title='bbox 1083 635 1313 682; x_wconf 82' lang='lat' dir='ltr'>institutum,</span> 
     </span>
     <span class='ocr_line' id='line_1_8' title="bbox 207 691 1347 760; baseline -0.008 -9"><span class='ocrx_word' id='word_1_47' title='bbox 207 723 285 760; x_wconf 91' lang='lat' dir='ltr'>quo</span> <span class='ocrx_word' id='word_1_48' title='bbox 318 710 482 750; x_wconf 83' lang='lat' dir='ltr'>doctrina</span> <span class='ocrx_word' id='word_1_49' title='bbox 520 710 732 748; x_wconf 83' lang='lat' dir='ltr'>Christiana</span> <span class='ocrx_word' id='word_1_50' title='bbox 764 707 952 746; x_wconf 84' lang='lat' dir='ltr'>communi</span> <span class='ocrx_word' id='word_1_51' title='bbox 997 706 1127 744; x_wconf 88' lang='lat' dir='ltr'>ordine</span> <span class='ocrx_word' id='word_1_52' title='bbox 1159 705 1313 744; x_wconf 87' lang='lat' dir='ltr'>definito</span> <span class='ocrx_word' id='word_1_53' title='bbox 1344 691 1347 694; x_wconf 35' lang='grc'>’</span> 
     </span>
     <span class='ocr_line' id='line_1_9' title="bbox 206 775 1314 829; baseline -0.005 -11"><span class='ocrx_word' id='word_1_54' title='bbox 206 780 429 829; x_wconf 87' lang='lat' dir='ltr'><strong>exponitur,</strong></span> <span class='ocrx_word' id='word_1_55' title='bbox 455 779 561 817; x_wconf 80' lang='lat' dir='ltr'>Parte</span> <span class='ocrx_word' id='word_1_56' title='bbox 592 778 730 826; x_wconf 80' lang='lat' dir='ltr'>priore.</span> <span class='ocrx_word' id='word_1_57' title='bbox 785 776 891 815; x_wconf 88' lang='lat' dir='ltr'>Malo</span> <span class='ocrx_word' id='word_1_58' title='bbox 927 775 1221 814; x_wconf 84' lang='lat' dir='ltr'>contradicentes</span> <span class='ocrx_word' id='word_1_59' title='bbox 1254 786 1314 813; x_wconf 78' lang='lat' dir='ltr'>ro·</span> 
     </span>
     <span class='ocr_line' id='line_1_10' title="bbox 205 846 1312 897; baseline -0.003 -11"><span class='ocrx_word' id='word_1_60' title='bbox 205 859 290 897; x_wconf 87' lang='lat' dir='ltr'>gare</span> <span class='ocrx_word' id='word_1_61' title='bbox 330 857 366 886; x_wconf 91' lang='lat' dir='ltr'>et</span> <span class='ocrx_word' id='word_1_62' title='bbox 413 848 627 895; x_wconf 83' lang='lat' dir='ltr'>obsecrare,</span> <span class='ocrx_word' id='word_1_63' title='bbox 680 857 721 885; x_wconf 92' lang='lat' dir='ltr'>ut</span> <span class='ocrx_word' id='word_1_64' title='bbox 768 847 957 885; x_wconf 84' lang='lat' dir='ltr'>attendant</span> <span class='ocrx_word' id='word_1_65' title='bbox 999 849 1043 886; x_wconf 91' lang='lat' dir='ltr'>ad</span> <span class='ocrx_word' id='word_1_66' title='bbox 1086 846 1277 885; x_wconf 73' lang='lat' dir='ltr'>utilitatem</span> <span class='ocrx_word' id='word_1_67' title='bbox 1301 875 1312 896; x_wconf 69' lang='grc'>,</span> 
     </span>
     <span class='ocr_line' id='line_1_11' title="bbox 206 915 1316 968; baseline -0.004 -10"><span class='ocrx_word' id='word_1_68' title='bbox 206 931 341 968; x_wconf 86' lang='lat' dir='ltr'>quam,</span> <span class='ocrx_word' id='word_1_69' title='bbox 379 918 594 957; x_wconf 89' lang='lat' dir='ltr'>nominatim</span> <span class='ocrx_word' id='word_1_70' title='bbox 627 918 699 955; x_wconf 90' lang='lat' dir='ltr'>hoc</span> <span class='ocrx_word' id='word_1_71' title='bbox 737 917 914 966; x_wconf 88' lang='lat' dir='ltr'>temporis</span> <span class='ocrx_word' id='word_1_72' title='bbox 948 926 1116 966; x_wconf 80' lang='lat' dir='ltr'>puncto,</span> <span class='ocrx_word' id='word_1_73' title='bbox 1145 918 1224 955; x_wconf 92' lang='lat' dir='ltr'>Deo</span> <span class='ocrx_word' id='word_1_74' title='bbox 1262 915 1316 954; x_wconf 86' lang='lat' dir='ltr'>fa·</span> 
     </span>
     <span class='ocr_line' id='line_1_12' title="bbox 205 985 1318 1037; baseline -0.004 -9"><span class='ocrx_word' id='word_1_75' title='bbox 205 999 342 1037; x_wconf 88' lang='lat' dir='ltr'>vente,</span> <span class='ocrx_word' id='word_1_76' title='bbox 387 988 513 1027; x_wconf 84' lang='lat' dir='ltr'>afferre</span> <span class='ocrx_word' id='word_1_77' title='bbox 551 997 697 1037; x_wconf 85' lang='lat' dir='ltr'>potest,</span> <span class='ocrx_word' id='word_1_78' title='bbox 746 999 786 1026; x_wconf 92' lang='lat' dir='ltr'>ac</span> <span class='ocrx_word' id='word_1_79' title='bbox 820 985 967 1036; x_wconf 80' lang='lat' dir='ltr'>reapse,</span> <span class='ocrx_word' id='word_1_80' title='bbox 1009 985 1076 1026; x_wconf 76' lang='lat' dir='ltr'>nisi</span> <span class='ocrx_word' id='word_1_81' title='bbox 1104 986 1225 1025; x_wconf 88' lang='lat' dir='ltr'>omnia</span> <span class='ocrx_word' id='word_1_82' title='bbox 1259 998 1318 1024; x_wconf 88' lang='lat' dir='ltr'>me</span> 
     </span>
     <span class='ocr_line' id='line_1_13' title="bbox 206 1056 1314 1108; baseline -0.005 -10"><span class='ocrx_word' id='word_1_83' title='bbox 206 1059 358 1108; x_wconf 84' lang='lat' dir='ltr'>fallant,</span> <span class='ocrx_word' id='word_1_84' title='bbox 386 1059 516 1107; x_wconf 80' lang='lat' dir='ltr'>affert,</span> <span class='ocrx_word' id='word_1_85' title='bbox 544 1058 772 1098; x_wconf 87' lang='lat' dir='ltr'>Catechismi</span> <span class='ocrx_word' id='word_1_86' title='bbox 797 1057 948 1096; x_wconf 80' lang='lat' dir='ltr'>Palatini</span> <span class='ocrx_word' id='word_1_87' title='bbox 985 1056 1208 1105; x_wconf 84' lang='lat' dir='ltr'>explicatio,</span> <span class='ocrx_word' id='word_1_88' title='bbox 1246 1068 1314 1105; x_wconf 84' lang='lat' dir='ltr'>pro</span> 
     </span>
     <span class='ocr_line' id='line_1_14' title="bbox 194 1123 1192 1178; baseline -0.005 -8"><span class='ocrx_word' id='word_1_89' title='bbox 194 1123 412 1178; x_wconf 65' lang='lat' dir='ltr'>concione,</span> <span class='ocrx_word' id='word_1_90' title='bbox 439 1129 591 1178; x_wconf 76' lang='lat' dir='ltr'>singulis</span> <span class='ocrx_word' id='word_1_91' title='bbox 614 1130 744 1167; x_wconf 89' lang='lat' dir='ltr'>diebus</span> <span class='ocrx_word' id='word_1_92' title='bbox 773 1126 995 1177; x_wconf 79' lang='lat' dir='ltr'>dominicis,</span> <span class='ocrx_word' id='word_1_93' title='bbox 1023 1126 1192 1175; x_wconf 78' lang='lat' dir='ltr'>repetita.</span> 
     </span>
     <span class='ocr_line' id='line_1_15' title="bbox 256 1194 1318 1250; baseline -0.007 -11"><span class='ocrx_word' id='word_1_94' title='bbox 256 1200 565 1250; x_wconf 86' lang='lat' dir='ltr'>Quandoquidem</span> <span class='ocrx_word' id='word_1_95' title='bbox 603 1208 748 1246; x_wconf 86' lang='lat' dir='ltr'>tempus</span> <span class='ocrx_word' id='word_1_96' title='bbox 785 1207 954 1235; x_wconf 84' lang='lat' dir='ltr'>nostrum</span> <span class='ocrx_word' id='word_1_97' title='bbox 992 1205 1048 1234; x_wconf 85' lang='lat' dir='ltr'>est</span> <span class='ocrx_word' id='word_1_98' title='bbox 1088 1194 1318 1244; x_wconf 74' lang='lat' dir='ltr'>suspiciosis-</span> 
     </span>
     <span class='ocr_line' id='line_1_16' title="bbox 209 1265 1318 1317; baseline -0.005 -9"><span class='ocrx_word' id='word_1_99' title='bbox 209 1269 362 1317; x_wconf 76' lang='lat' dir='ltr'>simum,</span> <span class='ocrx_word' id='word_1_100' title='bbox 395 1280 461 1307; x_wconf 90' lang='lat' dir='ltr'>nec</span> <span class='ocrx_word' id='word_1_101' title='bbox 498 1269 626 1307; x_wconf 88' lang='lat' dir='ltr'>desunt</span> <span class='ocrx_word' id='word_1_102' title='bbox 659 1268 696 1306; x_wconf 92' lang='lat' dir='ltr'>in</span> <span class='ocrx_word' id='word_1_103' title='bbox 730 1265 895 1307; x_wconf 69' lang='lat' dir='ltr'>Ecclesia</span> <span class='ocrx_word' id='word_1_104' title='bbox 921 1266 1163 1314; x_wconf 46' lang='lat' dir='ltr'>informata,</span> <span class='ocrx_word' id='word_1_105' title='bbox 1204 1265 1268 1315; x_wconf 90' lang='lat' dir='ltr'>qui</span> <span class='ocrx_word' id='word_1_106' title='bbox 1298 1278 1318 1304; x_wconf 89' lang='lat' dir='ltr'>e</span> 
     </span>
     <span class='ocr_line' id='line_1_17' title="bbox 205 1335 1316 1388; baseline -0.005 -9"><span class='ocrx_word' id='word_1_107' title='bbox 205 1335 468 1379; x_wconf 83' lang='lat' dir='ltr'>nonnullorum</span> <span class='ocrx_word' id='word_1_108' title='bbox 504 1338 657 1388; x_wconf 72' lang='lat' dir='ltr'>perfidia</span> <span class='ocrx_word' id='word_1_109' title='bbox 684 1349 719 1377; x_wconf 92' lang='lat' dir='ltr'>et</span> <span class='ocrx_word' id='word_1_110' title='bbox 746 1337 895 1386; x_wconf 88' lang='lat' dir='ltr'>ineptiis</span> <span class='ocrx_word' id='word_1_111' title='bbox 935 1335 1074 1375; x_wconf 86' lang='lat' dir='ltr'>cansam</span> <span class='ocrx_word' id='word_1_112' title='bbox 1110 1336 1316 1385; x_wconf 80' lang='lat' dir='ltr'>arripiunt,</span> 
     </span>
     <span class='ocr_line' id='line_1_18' title="bbox 205 1406 1317 1456; baseline -0.005 -7"><span class='ocrx_word' id='word_1_113' title='bbox 205 1422 335 1449; x_wconf 89' lang='lat' dir='ltr'>omnes</span> <span class='ocrx_word' id='word_1_114' title='bbox 361 1409 436 1449; x_wconf 91' lang='lat' dir='ltr'>fine</span> <span class='ocrx_word' id='word_1_115' title='bbox 463 1409 674 1447; x_wconf 86' lang='lat' dir='ltr'>discrimine</span> <span class='ocrx_word' id='word_1_116' title='bbox 706 1407 902 1456; x_wconf 87' lang='lat' dir='ltr'>Euangelii</span> <span class='ocrx_word' id='word_1_117' title='bbox 929 1408 1147 1456; x_wconf 86' lang='lat' dir='ltr'>interpretes</span> <span class='ocrx_word' id='word_1_118' title='bbox 1180 1406 1317 1444; x_wconf 64' lang='lat' dir='ltr'>calum»</span> 
     </span>
     <span class='ocr_line' id='line_1_19' title="bbox 207 1475 1318 1530; baseline -0.006 -10"><span class='ocrx_word' id='word_1_119' title='bbox 207 1481 331 1520; x_wconf 86' lang='lat' dir='ltr'>niandi</span> <span class='ocrx_word' id='word_1_120' title='bbox 358 1490 394 1519; x_wconf 89' lang='lat' dir='ltr'>et</span> <span class='ocrx_word' id='word_1_121' title='bbox 415 1482 624 1530; x_wconf 73' lang='grc' dir='ltr'>ἑτεροδοξίοις</span> <span class='ocrx_word' id='word_1_122' title='bbox 650 1478 779 1517; x_wconf 88' lang='lat' dir='ltr'>famam</span> <span class='ocrx_word' id='word_1_123' title='bbox 806 1478 895 1516; x_wconf 90' lang='lat' dir='ltr'>viris</span> <span class='ocrx_word' id='word_1_124' title='bbox 922 1478 1028 1517; x_wconf 88' lang='lat' dir='ltr'>etiam</span> <span class='ocrx_word' id='word_1_125' title='bbox 1057 1475 1209 1525; x_wconf 88' lang='lat' dir='ltr'>optimis</span> <span class='ocrx_word' id='word_1_126' title='bbox 1236 1476 1318 1514; x_wconf 88' lang='lat' dir='ltr'>inu-</span> 
     </span>
     <span class='ocr_line' id='line_1_20' title="bbox 208 1547 1318 1597; baseline -0.005 -8"><span class='ocrx_word' id='word_1_127' title='bbox 208 1551 382 1597; x_wconf 88' lang='lat' dir='ltr'>rendi,hi</span> <span class='ocrx_word' id='word_1_128' title='bbox 398 1578 410 1597; x_wconf 84' lang='lat'>‚</span> <span class='ocrx_word' id='word_1_129' title='bbox 429 1550 465 1588; x_wconf 93' lang='lat' dir='ltr'>in</span> <span class='ocrx_word' id='word_1_130' title='bbox 490 1548 706 1587; x_wconf 88' lang='lat' dir='ltr'>conservato</span> <span class='ocrx_word' id='word_1_131' title='bbox 729 1547 896 1586; x_wconf 84' lang='lat' dir='ltr'>instituto</span> <span class='ocrx_word' id='word_1_132' title='bbox 924 1555 1079 1594; x_wconf 87' lang='lat' dir='ltr'>nostro,</span> <span class='ocrx_word' id='word_1_133' title='bbox 1107 1555 1318 1595; x_wconf 87' lang='lat' dir='ltr'>propugna-</span> 
     </span>
     <span class='ocr_line' id='line_1_21' title="bbox 209 1617 1318 1667; baseline -0.005 -7"><span class='ocrx_word' id='word_1_134' title='bbox 209 1623 333 1660; x_wconf 87' lang='lat' dir='ltr'>culum</span> <span class='ocrx_word' id='word_1_135' title='bbox 364 1622 524 1666; x_wconf 89' lang='lat' dir='ltr'>habent‚</span> <span class='ocrx_word' id='word_1_136' title='bbox 554 1631 630 1667; x_wconf 83' lang='lat' dir='ltr'>quo</span> <span class='ocrx_word' id='word_1_137' title='bbox 666 1627 816 1656; x_wconf 84' lang='lat' dir='ltr'>utantur</span> <span class='ocrx_word' id='word_1_138' title='bbox 841 1627 969 1656; x_wconf 83' lang='lat' dir='ltr'>contra</span> <span class='ocrx_word' id='word_1_139' title='bbox 1001 1617 1096 1656; x_wconf 88' lang='lat' dir='ltr'>istos</span> <span class='ocrx_word' id='word_1_140' title='bbox 1122 1617 1318 1656; x_wconf 83' lang='lat' dir='ltr'>calumnia-</span> 
     </span>
     <span class='ocr_line' id='line_1_22' title="bbox 211 1690 1268 1741; baseline -0.005 -11"><span class='ocrx_word' id='word_1_141' title='bbox 211 1704 290 1731; x_wconf 88' lang='lat' dir='ltr'>rum</span> <span class='ocrx_word' id='word_1_142' title='bbox 320 1693 497 1740; x_wconf 86' lang='lat' dir='ltr'>impetus.</span> <span class='ocrx_word' id='word_1_143' title='bbox 580 1736 584 1741; x_wconf 31' lang='grc'>,</span> <span class='ocrx_word' id='word_1_144' title='bbox 725 1692 727 1694; x_wconf 76' lang='grc'><strong>’</strong></span> <span class='ocrx_word' id='word_1_145' title='bbox 1266 1690 1268 1693; x_wconf 85' lang='grc'><strong>“</strong></span> 
     </span>
     <span class='ocr_line' id='line_1_23' title="bbox 259 1755 1344 1808; baseline -0.004 -10"><span class='ocrx_word' id='word_1_146' title='bbox 259 1761 298 1799; x_wconf 89' lang='lat' dir='ltr'>Si</span> <span class='ocrx_word' id='word_1_147' title='bbox 328 1759 393 1808; x_wconf 88' lang='lat' dir='ltr'>qui</span> <span class='ocrx_word' id='word_1_148' title='bbox 427 1771 516 1798; x_wconf 88' lang='lat' dir='ltr'>vero</span> <span class='ocrx_word' id='word_1_149' title='bbox 551 1760 625 1798; x_wconf 80' lang='lat' dir='ltr'>sint</span> <span class='ocrx_word' id='word_1_150' title='bbox 652 1760 824 1797; x_wconf 90' lang='lat' dir='ltr'>doctores</span> <span class='ocrx_word' id='word_1_151' title='bbox 841 1786 853 1804; x_wconf 79' lang='lat'>‚</span> <span class='ocrx_word' id='word_1_152' title='bbox 880 1759 1012 1804; x_wconf 79' lang='lat' dir='ltr'>fidem,</span> <span class='ocrx_word' id='word_1_153' title='bbox 1041 1756 1221 1796; x_wconf 77' lang='lat' dir='ltr'>Ecclefiae</span> <span class='ocrx_word' id='word_1_154' title='bbox 1245 1755 1317 1794; x_wconf 83' lang='lat' dir='ltr'>Re·</span> <span class='ocrx_word' id='word_1_155' title='bbox 1334 1764 1344 1775; x_wconf 93' lang='lat'><em>&#39;</em></span> 
     </span>
     <span class='ocr_line' id='line_1_24' title="bbox 208 1828 1316 1877; baseline -0.003 -10"><span class='ocrx_word' id='word_1_156' title='bbox 208 1829 386 1868; x_wconf 82' lang='lat' dir='ltr'>formatae</span> <span class='ocrx_word' id='word_1_157' title='bbox 407 1830 524 1868; x_wconf 88' lang='lat' dir='ltr'>datam</span> <span class='ocrx_word' id='word_1_158' title='bbox 538 1858 550 1875; x_wconf 84' lang='lat'><strong>,</strong></span> <span class='ocrx_word' id='word_1_159' title='bbox 564 1828 732 1868; x_wconf 82' lang='lat' dir='ltr'>fallentes</span> <span class='ocrx_word' id='word_1_160' title='bbox 746 1858 758 1876; x_wconf 74' lang='lat'><strong>‚</strong></span> <span class='ocrx_word' id='word_1_161' title='bbox 777 1839 812 1867; x_wconf 86' lang='lat' dir='ltr'>et</span> <span class='ocrx_word' id='word_1_162' title='bbox 835 1840 940 1877; x_wconf 83' lang='lat' dir='ltr'>aegre</span> <span class='ocrx_word' id='word_1_163' title='bbox 959 1828 1154 1876; x_wconf 85' lang='lat' dir='ltr'>praecipua</span> <span class='ocrx_word' id='word_1_164' title='bbox 1179 1828 1316 1866; x_wconf 86' lang='lat' dir='ltr'>doctri-</span> 
     </span>
     <span class='ocr_line' id='line_1_25' title="bbox 209 1898 1317 1947; baseline -0.002 -10"><span class='ocrx_word' id='word_1_165' title='bbox 209 1911 276 1937; x_wconf 79' lang='lat' dir='ltr'>nae</span> <span class='ocrx_word' id='word_1_166' title='bbox 288 1899 520 1937; x_wconf 87' lang='lat' dir='ltr'>Christianae</span> <span class='ocrx_word' id='word_1_167' title='bbox 536 1900 651 1947; x_wconf 88' lang='lat' dir='ltr'>capita</span> <span class='ocrx_word' id='word_1_168' title='bbox 664 1911 731 1947; x_wconf 85' lang='lat' dir='ltr'>pro</span> <span class='ocrx_word' id='word_1_169' title='bbox 746 1899 926 1937; x_wconf 86' lang='lat' dir='ltr'>concione</span> <span class='ocrx_word' id='word_1_170' title='bbox 939 1907 1134 1936; x_wconf 84' lang='lat' dir='ltr'>tractantes</span> <span class='ocrx_word' id='word_1_171' title='bbox 1150 1927 1161 1943; x_wconf 82' lang='lat'><strong>‚</strong></span> <span class='ocrx_word' id='word_1_172' title='bbox 1177 1898 1212 1936; x_wconf 84' lang='lat' dir='ltr'>hi</span> <span class='ocrx_word' id='word_1_173' title='bbox 1228 1909 1317 1936; x_wconf 91' lang='lat' dir='ltr'>nos-</span> 
     </span>
     <span class='ocr_line' id='line_1_26' title="bbox 208 1967 1315 2017; baseline 0 -11"><span class='ocrx_word' id='word_1_174' title='bbox 208 1979 266 2006; x_wconf 78' lang='lat' dir='ltr'>tro</span> <span class='ocrx_word' id='word_1_175' title='bbox 289 1968 455 2006; x_wconf 84' lang='lat' dir='ltr'>instituto</span> <span class='ocrx_word' id='word_1_176' title='bbox 471 1979 669 2017; x_wconf 79' lang='lat' dir='ltr'>urgentur,</span> <span class='ocrx_word' id='word_1_177' title='bbox 686 1970 730 2006; x_wconf 87' lang='lat' dir='ltr'>ad</span> <span class='ocrx_word' id='word_1_178' title='bbox 750 1967 999 2017; x_wconf 77' lang='lat' dir='ltr'>praestandum</span> <span class='ocrx_word' id='word_1_179' title='bbox 1013 1967 1315 2016; x_wconf 83' lang='lat' dir='ltr'>suumofficium.</span> 
     </span>
     <span class='ocr_line' id='line_1_27' title="bbox 209 2037 1317 2085; baseline 0 -9"><span class='ocrx_word' id='word_1_180' title='bbox 209 2039 285 2085; x_wconf 87' lang='lat' dir='ltr'>Et,</span> <span class='ocrx_word' id='word_1_181' title='bbox 315 2038 340 2077; x_wconf 89' lang='lat' dir='ltr'>fi</span> <span class='ocrx_word' id='word_1_182' title='bbox 367 2037 432 2085; x_wconf 83' lang='lat' dir='ltr'>qui</span> <span class='ocrx_word' id='word_1_183' title='bbox 464 2040 639 2084; x_wconf 81' lang='lat' dir='ltr'>iuvenes,</span> <span class='ocrx_word' id='word_1_184' title='bbox 668 2039 710 2076; x_wconf 88' lang='lat' dir='ltr'>ad</span> <span class='ocrx_word' id='word_1_185' title='bbox 742 2038 909 2075; x_wconf 72' lang='lat' dir='ltr'>doctoris·</span> <span class='ocrx_word' id='word_1_186' title='bbox 936 2049 1070 2074; x_wconf 84' lang='lat' dir='ltr'>munus</span> <span class='ocrx_word' id='word_1_187' title='bbox 1095 2037 1131 2074; x_wconf 90' lang='lat' dir='ltr'>in</span> <span class='ocrx_word' id='word_1_188' title='bbox 1153 2037 1317 2076; x_wconf 67' lang='lat' dir='ltr'>Ecclesia</span> 
     </span>
     <span class='ocr_line' id='line_1_28' title="bbox 209 2106 1316 2154; baseline -0.001 -10"><span class='ocrx_word' id='word_1_189' title='bbox 209 2106 337 2145; x_wconf 63' lang='lat' dir='ltr'>nostra</span> <span class='ocrx_word' id='word_1_190' title='bbox 368 2106 594 2154; x_wconf 68' lang='lat' dir='ltr'>aspirantes,</span> <span class='ocrx_word' id='word_1_191' title='bbox 630 2107 674 2144; x_wconf 93' lang='lat' dir='ltr'>ab</span> <span class='ocrx_word' id='word_1_192' title='bbox 704 2107 815 2144; x_wconf 80' lang='lat' dir='ltr'>liuius</span> <span class='ocrx_word' id='word_1_193' title='bbox 845 2106 1011 2144; x_wconf 65' lang='lat' dir='ltr'>doctrina</span> <span class='ocrx_word' id='word_1_194' title='bbox 1041 2107 1249 2153; x_wconf 68' lang='lat' dir='ltr'>profitenda</span> <span class='ocrx_word' id='word_1_195' title='bbox 1275 2115 1316 2143; x_wconf 71' lang='lat' dir='ltr'>ac</span> 
     </span>
     <span class='ocr_line' id='line_1_29' title="bbox 209 2175 1316 2224; baseline -0.003 -10"><span class='ocrx_word' id='word_1_196' title='bbox 209 2176 447 2223; x_wconf 73' lang='lat' dir='ltr'>praedicanda</span> <span class='ocrx_word' id='word_1_197' title='bbox 460 2176 685 2224; x_wconf 87' lang='lat' dir='ltr'>abhorrent,</span> <span class='ocrx_word' id='word_1_198' title='bbox 700 2178 769 2215; x_wconf 79' lang='lat' dir='ltr'>hos</span> <span class='ocrx_word' id='word_1_199' title='bbox 792 2175 994 2214; x_wconf 77' lang='lat' dir='ltr'>institutum</span> <span class='ocrx_word' id='word_1_200' title='bbox 1009 2186 1176 2214; x_wconf 77' lang='lat' dir='ltr'>nostrum</span> <span class='ocrx_word' id='word_1_201' title='bbox 1193 2189 1211 2214; x_wconf 84' lang='lat' dir='ltr'>a</span> <span class='ocrx_word' id='word_1_202' title='bbox 1232 2189 1316 2224; x_wconf 75' lang='lat' dir='ltr'>pro-</span> 
     </span>
     <span class='ocr_line' id='line_1_30' title="bbox 210 2245 1318 2296; baseline 0 -14"><span class='ocrx_word' id='word_1_203' title='bbox 210 2245 336 2292; x_wconf 89' lang='lat' dir='ltr'>posito</span> <span class='ocrx_word' id='word_1_204' title='bbox 361 2247 543 2292; x_wconf 73' lang='lat' dir='ltr'>deterret,</span> <span class='ocrx_word' id='word_1_205' title='bbox 571 2257 704 2296; x_wconf 80' lang='lat' dir='ltr'>magno</span> <span class='ocrx_word' id='word_1_206' title='bbox 733 2258 816 2284; x_wconf 77' lang='lat' dir='ltr'>cum</span> <span class='ocrx_word' id='word_1_207' title='bbox 854 2246 1049 2283; x_wconf 70' lang='lat' dir='ltr'>societatis</span> <span class='ocrx_word' id='word_1_208' title='bbox 1076 2246 1193 2283; x_wconf 77' lang='lat' dir='ltr'>sacrae</span> <span class='ocrx_word' id='word_1_209' title='bbox 1219 2258 1318 2282; x_wconf 83' lang='lat' dir='ltr'>emo-</span> 
     </span>
     <span class='ocr_line' id='line_1_31' title="bbox 1266 2327 1318 2353; baseline -0.019 0"><span class='ocrx_word' id='word_1_210' title='bbox 1266 2327 1318 2353; x_wconf 77' lang='lat' dir='ltr'>m-</span> 
     </span>
    </p>
   </div>
  </div>
 </body>
</html>
