1487 2703
213 258 284 284 100
426 233 1095 280 COMMENTATlo

211 351 384 402 quamdiu
419 349 587 387 resistere
613 345 744 394 potui;
772 344 1063 393 comprehensus
1086 354 1175 381 vero
1199 355 1219 381 a
1247 343 1328 382 Ro·

210 421 353 466 manis,
390 418 561 466 captivus
591 426 670 453 tum
705 414 852 461 factus,
891 425 1052 461 cumque
1088 425 1144 451 me
1181 414 1326 461 Vespa-

210 492 335 529 sianus
373 497 408 525 et
448 487 561 524 Titus
604 493 752 532 captum
798 484 1019 531 retinerent,
1073 495 1137 521 eos
1182 494 1327 532 semper

211 559 381 599 comitari
415 569 473 595 me
504 562 730 602 coegerunt,
781 553 902 601 primo
946 553 1092 601 quidem
1128 554 1325 601 vinctum,

213 639 343 679 postea
375 639 464 666 vero
508 627 673 663 solutum
710 632 746 661 et
776 624 822 661 ab
854 623 1074 662 Alexandria
1113 635 1199 662 cum
1233 623 1327 662 Tito

213 701 350 739 missus
378 709 461 735 sum
493 696 538 734 ad
566 694 814 743 oppugnanda
843 694 1106 742 Hierosolyma
1132 693 1157 710 ’⁹
1184 695 1282 743 (1).:
1300 701 1329 737 τ]

265 770 317 808 Et
347 768 460 806 alibi:
518 794 543 813 „
584 764 679 803 Sunt
722 774 819 811 quos
855 763 934 812 ipsa
964 774 1085 801 rerum
1126 763 1326 803 necessitas

212 840 360 888 coegit,
415 845 457 874 ut
499 847 540 872 ea
579 833 700 880 facta,
754 833 893 881 quibus
943 833 1016 881 ipsi
1050 833 1327 883 interfuerunt,

213 909 354 956 scripto
389 906 599 944 mandarent
635 904 906 951 memoriaeque
940 904 1155 952 proderent:
1187 905 1328 943 multos

214 978 321 1016 etiam
367 976 582 1024 magnitudo
629 985 749 1011 rerum
796 973 1101 1021 utilissimarum,
1156 986 1249 1023 quae
1286 975 1325 1013 in

213 1048 376 1086 obscuro
412 1045 597 1091 latebant,
651 1043 843 1092 instigavit
876 1053 917 1083 ut
957 1055 1079 1082 earnm
1112 1044 1328 1092 explicatio-

213 1129 296 1156 nem
319 1118 357 1154 in
386 1126 618 1153 communem
642 1114 836 1152 utilitatem
861 1113 1084 1163 proferrent.
1138 1116 1326 1154 Postrema

212 1199 320 1225 causa
355 1198 394 1224 ea
429 1194 484 1223 est
509 1196 603 1232 quae
638 1183 728 1222 fecit
755 1193 796 1222 ut
821 1193 858 1222 et
886 1195 955 1233 ego
979 1184 1205 1233 scripserim.
1244 1175 1329 1224 Bel-

213 1259 288 1295 lum
325 1255 445 1302 enim,
486 1254 589 1302 quod
625 1265 695 1293 nos
722 1255 853 1304 Judaei
883 1267 966 1293 cum
1004 1256 1183 1295 Romanis
1212 1257 1328 1305 gessi·

211 1338 322 1372 mu5‚
350 1337 484 1373 resque
512 1336 602 1362 tunc
633 1327 811 1373 temporis
841 1335 1029 1373 peraeta5‚
1059 1326 1135 1364 imo
1157 1334 1194 1364 et
1218 1338 1343 1368 even-A

213 1405 290 1434 tum
318 1408 427 1443 quem
467 1407 523 1433 res
551 1396 643 1433 istae
679 1404 806 1433 nactae
833 1404 921 1434 sunt
949 1407 1064 1444 quum
1101 1397 1326 1444 experientia

209 1466 476 1514 cognoverim,
531 1474 683 1503 coactus
719 1478 801 1504 sum
833 1466 921 1504 haec
973 1466 1095 1503 omnia
1128 1466 1166 1504 in
1203 1468 1325 1505 lucem

209 1536 403 1585 proferre,
432 1545 474 1573 ut
498 1536 547 1574 ita
576 1548 640 1575 eos
674 1536 924 1585 redarguerem
964 1536 1030 1584 qui
1062 1536 1214 1585 scriptis
1246 1537 1326 1577 suis

214 1606 402 1645 veritatem
430 1608 669 1654 neglexerunt
692 1605 717 1621 ’'
746 1606 814 1655 (2)

259 1676 471 1714 Generatim
509 1688 596 1725 ergo
622 1676 714 1714 illud
741 1676 845 1724 quod
874 1676 1225 1725 Hierosolymorum
1259 1678 1328 1717 ob-

209 1746 343 1784 sidioni
384 1747 531 1793 adfuit,
583 1758 746 1785 summae
786 1746 955 1784 utilitatis
990 1746 1159 1796 Josepho
1205 1748 1325 1787 ntsse

207 1817 375 1864 dicatur;
406 1829 500 1865 quae
529 1828 587 1855 res
620 1827 663 1855 ut
698 1816 829 1854 melius
855 1816 1080 1864 intelligatur
1108 1829 1174 1866 per
1199 1827 1322 1866 partes

207 1886 323 1934 magis
365 1886 432 1923 erit
470 1886 700 1934 explicanda.
769 1887 891 1923 Primo
917 1887 1108 1937 Josephus
1142 1897 1228 1926 erat
1255 1901 1325 1926 na-

205 1957 302 1993 tione
331 1955 506 2004 Judaeus
538 1959 604 2007 qui
628 1970 653 1994 a
682 1965 799 2007 parte
830 1957 1082 1995 Romanorum
1120 1960 1242 1997 omnia
1268 1963 1322 1998 νὶ·

204 2025 313 2063 debat
342 2036 377 2065 et
407 2027 597 2065 audiebat.
648 2027 810 2076 Judaeus
854 2036 959 2075 erat,
987 2027 1049 2075 qui
1090 2028 1190 2066 cives
1228 2040 1320 2068 suos

203 2095 399 2144 diligebat,
453 2097 595 2135 etiamsi
642 2109 771 2135 eorum
816 2097 988 2136 hostibus
1038 2109 1319 2147 nonnumquam

1254 2179 1319 2208 au·

233 2260 286 2297 (.)
307 2261 354 2290 cf.
374 2263 443 2299 Jos.
464 2264 650 2298 contra-Ap.
675 2262 697 2292 1.
719 2272 756 2299 9,
782 2271 826 2291 ιο.

228 2311 290 2348 »(2)
312 2313 362 2341 Cs.
383 2314 453 2350 Jos-
471 2316 543 2344 Ant.
567 2315 595 2344 Γ.
622 2313 652 2352 §-
676 2323 706 2350 7.
