1544 2693
425 144 659 181 ANNOTATA
697 158 738 179 Αο
775 144 1038 181 ΟΙὶΑΤΙΟΝΕΜ,
1243 150 1283 183 71

210 271 269 320 (7)
295 272 345 307 Cf.
374 271 540 319 Apoloyia
578 272 607 305 G
619 271 665 305 ui
677 271 689 305 l
700 271 712 304 i
723 282 742 304 e
753 271 766 304 l
777 272 834 305 mi
869 271 965 318 apud
1002 273 1025 306 B
1039 286 1058 306 υ
1069 284 1085 305 r
1096 299 1104 312 ‚
1145 274 1284 308 Abdera

166 333 355 379 Oorloqen,
397 333 436 366 in
473 331 663 378 Byvoeqsel
687 343 757 365 van
784 331 940 366 authent.
960 333 1137 375 strab-keu,
1178 334 1218 368 D.
1237 335 1283 369 IL

164 394 214 428 bl.
232 395 287 428 77.
313 414 358 419 —
403 393 563 434 Hooft,
593 393 679 428 Ned.
696 393 910 428 Hist.17B.
936 413 984 418 -—
1020 394 1181 428 Grotii
1207 395 1283 428 An-

162 454 279 496 nales,
310 454 348 489 L.
363 455 397 489 3.
435 466 470 500 p.
501 454 557 488 71.
596 474 645 479 -
690 454 976 500 Ἦῖειςεῃειατ,
1023 454 1161 489 Vaderl.
1191 455 1283 491 Hist.

161 515 202 550 D.
214 515 274 549 vl.
301 515 350 550 bl.
368 515 414 549 48
434 515 527 560 volg.
567 520 603 548 et
629 515 770 560 legatur
795 515 840 548 de
866 526 906 549 ea
942 514 1010 562 (de
1033 515 1059 549 B
1072 515 1240 550 eaufor
1254 515 1283 563 t)

161 575 280 610 Leveu
303 587 374 609 van
405 575 546 609 Willem
568 575 598 609 I.
625 575 785 610 V01.111.
802 575 872 609 1016
889 587 965 621 sqq.
1002 576 1065 621 qui
1091 587 1282 621 argumen-

160 640 238 670 tum
260 636 337 681 ejus
359 636 471 670 refert
494 648 528 682 p.
542 636 608 670 2421
628 647 705 681 sqq.
731 655 779 660 —
815 636 1005 670 Parentum
1031 637 1068 670 in
1093 638 1152 682 pia
1178 638 1280 672 insti-

160 696 300 731 tutione
324 697 428 743 pueri
454 701 490 730 et
513 695 660 736 Mariae,
678 695 875 740 Hungriae,
893 695 1013 729 laudes
1038 696 1195 732 celebrat
1209 698 1283 744 ipse

159 757 453 794 Guilielmus
478 757 514 790 in
530 756 710 803 Apokqia,
739 767 773 801 p.
792 756 837 789 77
857 761 925 791 ete.
977 755 1027 790 Cf.
1054 756 1160 799 Bor,
1191 758 1279 805 Byv.

157 831 190 853 v.
219 818 316 852 auth.
345 817 514 859 stukken,
542 817 582 851 D.
600 817 628 851 Ι.
653 829 688 863 p.
705 816 738 850 6.
778 822 814 850 et
852 817 969 850 Leven
991 829 1062 851 van
1091 818 1232 853 Willem
1247 820 1278 854 I.

156 878 235 913 Vol.
251 879 318 913 III.
336 878 416 912 719.
441 898 489 904 —
527 879 624 921 Quae
657 877 766 911 dubia
790 884 978 912 moverunt
1012 879 1183 921 strada,
1211 880 1279 914 De-

157 940 242 974 cade
263 939 300 981 I,
331 939 394 973 lib.
410 940 443 973 2.
466 944 505 973 et
538 939 562 973 Β
574 950 630 973 en
643 938 824 984 tiv-ogli
836 950 874 980 ο,
907 939 1044 974 Nederl.
1059 940 1151 976 Hist.
1177 941 1224 975 II.
1237 941 1277 975 D.

157 1000 179 1033 2
195 1000 233 1033 B.
250 1012 260 1043 3
309 999 398 1034 haee
423 1000 566 1033 sustulit
591 999 630 1048 (d
642 1011 662 1033 e
687 999 712 1033 Β
726 1010 745 1032 e
755 1011 775 1033 a
787 1011 811 1032 u
822 999 867 1033 fo
878 997 938 1045 rt)
964 1000 1082 1034 Leven
1095 1013 1166 1034 van
1187 1001 1278 1035 Wil-

157 1060 225 1093 lem
243 1059 276 1095 I.
312 1060 350 1095 T.
366 1060 434 1095 III.
458 1072 495 1106 p.
515 1060 583 1095 723
610 1072 687 1106 sqq.
714 1080 762 1085 —-
810 1060 981 1094 Pietatem
1016 1061 1054 1094 in
1091 1062 1279 1096 Guilielmo

155 1120 419 1155 venerabantur
441 1121 583 1166 proavi,
615 1132 695 1155 eum
705 1121 829 1155 Davidi
844 1122 1130 1168 aequiparantes,
1161 1124 1278 1158 Golia-

153 1181 259 1215 thum
290 1182 532 1228 oppugnanti3
583 1194 675 1228 quae
710 1188 811 1228 grata
845 1183 895 1216 eis
927 1190 1004 1217 erat
1039 1185 1254 1230 comparatio
1269 1213 1276 1226 ‚

152 1247 373 1288 quapropter
391 1253 467 1276 eam
489 1242 654 1288 plurimis
683 1242 720 1275 in
746 1243 899 1276 nummis
925 1243 1188 1289 exprimebant,
1219 1247 1279 1280 ad—

155 1302 239 1337 ditis
265 1303 363 1337 Sacri
376 1303 457 1338 Cod.
482 1303 593 1338 effatis
606 1331 614 1344 ,
643 1304 723 1349 piae
739 1304 910 1345 fiduciae,
938 1305 978 1339 in
997 1305 1071 1340 Deo
1084 1307 1275 1352 repositae,

157 1363 323 1405 testibus,
351 1364 503 1399 maxime
529 1364 631 1398 annis
658 1365 766 1406 1577,
799 1365 901 1399 1573.

200 1457 259 1506 (8)
284 1458 304 1492 J
310 1459 381 1495 uris
411 1459 546 1505 publici
583 1459 668 1494 fecit
702 1460 808 1494 hasce
841 1461 963 1497 literas
991 1461 1052 1495 Vir
1070 1463 1192 1504 Cous,
1235 1463 1278 1499 de

155 1519 305 1554 historia
317 1519 455 1553 Patriae
473 1525 615 1554 nostrae
637 1521 898 1562 meritissimus,
929 1522 961 1556 J.
976 1523 1014 1558 .C.
1041 1523 1086 1557 de
1099 1524 1122 1557 *J
1138 1536 1226 1570 eng
1238 1537 1276 1567 e,

158 1580 264 1615 Verlz.
289 1592 335 1614 en
357 1581 610 1626 ouuitqeqeveu
634 1581 783 1616 stuklzen
810 1582 1018 1630 betreffmzde
1037 1584 1079 1617 de
1096 1584 1278 1620 Geschied.

102 1658 104 1661 v
153 1641 219 1675 der
240 1641 506 1681 Nederlanden,
538 1641 615 1674 Vol.
642 1641 688 1675 H.
739 1642 798 1675 in:
850 1642 1004 1676 Brieven
1031 1655 1101 1677 van
1128 1657 1174 1678 en
1198 1657 1281 1679 over

159 1701 303 1736 Willem
314 1701 345 1736 I.
360 1702 507 1736 51-108.
567 1702 653 1736 Prae
667 1703 793 1736 ceteris
806 1704 1053 1738 memorandae
1071 1705 1132 1751 Ep.
1150 1706 1171 1740 8
1185 1713 1220 1740 et
1235 1707 1275 1749 9,

154 1775 191 1810 p.
207 1762 252 1798 83
267 1775 342 1809 sqq.
372 1782 419 1788 —-
444 1763 542 1796 Nulli
557 1774 642 1797 vero
656 1763 876 1805 dubitamus,
904 1764 993 1810 quin
1019 1765 1170 1801 ulterius
1192 1753 1278 1802 hoe-

148 1835 196 1869 ,σε
221 1830 469 1869 argumentum
497 1829 580 1858 sunt
604 1824 851 1861 illustraturae
877 1825 1070 1870 Epistolae,
1101 1839 1193 1872 ,quas
1217 1840 1279 1862 ex-

156 1890 351 1931 spectamus
377 1885 415 1917 in
443 1883 740 1931 subsequentibus
767 1885 1004 1923 voluminibus
1030 1888 1145 1933 operis
1162 1902 1168 1921 ε
1208 1890 1278 1922 Αν-

154 1945 273 1979 chives
286 1945 327 1978 de
341 1944 375 1978 la
389 1944 526 1978 Maisan
541 1946 582 1979 de
594 1946 745 1980 Nassau-
761 1946 900 1992 Oranqe
912 1958 924 1989 ,·
992 1946 1138 1981 Recueil
1157 1949 1279 1995 publio

149 2018 224 2055 par
249 2005 316 2041 Mr.
345 2006 384 2040 G.
413 2006 578 2040 Groen
603 2018 696 2040 van
723 2007 1041 2044 Prinsterer.

205 2101 261 2150 (9)
285 2100 373 2135 Vide
398 2100 504 2135 hasce
529 2101 700 2147 Epistolas
727 2102 846 2136 obv-ias
873 2102 966 2148 apud
998 2103 1277 2138 Gerdesium

158 2163 198 2197 in
226 2162 368 2203 Scrinio
381 2161 501 2208 Antiq.
532 2162 560 2196 Ι.
589 2162 737 2197 88-100.
766 2163 939 2197 292-297.
1000 2164 1274 2205 Guilielmi„

158 2223 344 2269 Principis
368 2222 663 2277 Arausionensis,
696 2223 873 2270 Epistolae
900 2224 1072 2267 ineditae7
1103 2226 1207 2260 1572.
1228 2247 1279 2255 «—
