1487 2703
218 237 262 263 12
437 215 1100 258 COMMENTATIO

211 329 390 379 temporis
424 328 518 367 inter
542 327 704 376 judaeos
749 325 955 373 florebant,
1007 336 1176 375 quaeque
1209 327 1323 366 maxi·

210 413 305 439 marn
350 399 533 438 habebant
568 397 642 435 vim
677 396 716 434 in
751 406 878 433 omnes
923 396 1111 444 cogitandi
1160 397 1320 434 rationes

207 470 379 520 politicas
408 478 444 506 et
474 467 690 515 religiosas,
719 465 860 504 dubius
891 474 1085 513 quamnam
1113 476 1237 504 earum
1261 477 1325 504 se·

209 548 399 589 queretur.
452 536 626 576 Decrevit
661 546 748 583 ergo
776 543 881 573 antea
913 546 972 573 eas
1012 542 1152 573 tentare
1188 542 1226 573 et
1260 545 1327 574 ex·

209 609 338 659 periri.

257 680 550 719 Sadducaeorum
594 676 791 724 opiniones
827 675 858 713 ei
899 675 1043 724 placere
1076 685 1154 713 non
1189 681 1325 723 potue·

206 759 321 798 runt3
376 750 510 787 horum
539 758 661 785 mores
695 744 870 784 dissoluti
904 752 941 782 et
979 744 1177 791 doctrina,
1228 753 1326 792 quae

204 821 392 859 hominem
430 816 597 866 privabat
631 815 732 853 omni
774 814 955 853 levamine
992 823 1028 853 et
1066 812 1325 852 consolatione

205 890 244 927 in
279 889 377 927 vitae
412 885 711 932 calamitatibus,
763 884 886 922 statim
916 892 1014 921 certe
1046 883 1251 922 effecerunt
1280 890 1324 922 ut

203 961 298 998 hanc
332 966 468 996 sectam
506 955 714 1003 aufugeret.
775 954 910 992 Postea
937 955 1064 992 saltem
1099 952 1178 990 fere
1211 963 1325 990 num·

205 1040 313 1078 quam
346 1028 483 1065 hancce
520 1024 684 1062 laudavit
712 1031 750 1061 at
781 1024 1016 1061 vehementer
1036 1020 1262 1070 vituperavit
1285 1030 1323 1059 et

206 1099 371 1138 omnium
408 1108 485 1135 eam
525 1093 778 1143 pravissimam
822 1104 906 1130 esse
948 1091 1108 1130 censuit.
1187 1090 1322 1138 Dicit,

205 1169 311 1207 verbi
339 1165 479 1216 gratia,
516 1163 749 1202 Sadducaeos
779 1160 894 1199 fatum
926 1158 1182 1210 (εἱμαρμένην)
1215 1159 1324 1197 tolle-

207 1251 246 1278 re
279 1246 316 1276 et
351 1235 474 1275 omnia
511 1233 701 1272 hominum
741 1231 894 1269 arbitrio
934 1230 1118 1280 subjicere
1155 1229 1245 1268 adeo
1280 1238 1326 1267 ut

205 1319 284 1347 tum
320 1308 506 1345 bonorum
543 1303 730 1342 nobismet
762 1301 835 1349 ipsi
867 1309 1036 1339 auctores
1084 1300 1202 1337 simus
1239 1307 1321 1336 tum

207 1379 300 1416 mala
329 1375 440 1414 nobis
472 1384 538 1421 per
577 1370 772 1410 stultitiam
802 1378 967 1408 nostram
1004 1369 1205 1408 excitemus
1232 1367 1319 1417 (1).

204 1447 307 1488 Dicit
356 1445 650 1485 Sadducaeorum
694 1439 900 1479 doctrinam
945 1438 1065 1477 facere
1115 1445 1158 1475 ut
1208 1437 1319 1476 animi

206 1517 374 1567 (ψύχαι)
402 1525 487 1551 cum
520 1510 745 1559 corporibus
769 1510 949 1547 intereant
974 1517 1009 1546 et
1037 1507 1206 1547 homines
1229 1507 1320 1546 fiant

204 1585 476 1628 infelicissimi:
506 1591 542 1620 et
573 1581 656 1619 talia
683 1580 788 1629 plura
815 1578 899 1628 (α).

258 1658 320 1697 Ad
351 1657 512 1694 Essaeos
538 1662 625 1700 ergo
659 1661 700 1689 se
729 1648 941 1687 convertit:
995 1647 1087 1687 abiit
1118 1647 1157 1686 in
1192 1648 1317 1686 deser-

205 1739 284 1767 tum
317 1725 415 1774 apud
445 1722 637 1771 quemdam
669 1721 780 1769 huJ'us
807 1726 928 1757 sectae
955 1718 1135 1756 cultorem
1170 1717 1312 1756 Banum

209 1801 275 1848 qui
303 1797 356 1834 ibi
382 1794 493 1833 vitam
529 1790 709 1839 degebat3
739 1789 834 1826 inter
867 1788 966 1825 varia
999 1786 1168 1824 instituta
1199 1787 1318 1834 leges-

207 1881 280 1918 que
311 1867 474 1905 diversas
510 1862 622 1911 huJus
661 1867 780 1897 sectae
811 1857 918 1895 etiam
944 1867 986 1895 ea
1011 1854 1084 1893 fuit
1114 1863 1157 1893 ut
1188 1854 1317 1902 quiin

207 1950 283 1977 eam
320 1934 432 1983 recipi
462 1933 573 1971 vellet
601 1941 667 1978 per
697 1930 851 1976 longum
882 1926 1059 1975 temporis
1083 1925 1317 1964 intervallum

206 2006 432 2047 exercendus
472 2010 573 2041 esset
613 2000 696 2049 (3).
777 1997 967 2047 Josephus
1013 2005 1056 2044 ut
1102 1994 1199 2034 bene
1236 2005 1313 2033 eam

1228 2075 1317 2114 cog-

247 2140 308 2178 (1)
331 2139 383 2168 cr.
398 2139 474 2168 Ant.
489 2137 568 2167 xur.
585 2144 615 2170 s.
631 2134 658 2170 §-
677 2144 707 2171 9.

246 2198 299 2236 (ι)
318 2198 368 2226 cf.
394 2197 472 2226 neu.
491 2195 563 2233 μὴ
580 2194 617 2223 11.
645 2196 673 2222 8.
695 2192 722 2228 ς.
747 2198 793 2228 14·
830 2190 901 2218 Ant.
920 2188 996 2218 xm.
1016 2194 1062 2217 10.
1091 2183 1120 2225 §.
1143 2189 1175 2217 6.
1199 2184 1308 2215 xvn-t.

210 2260 235 2290 Ι.
245 2258 369 2350 (εωῗῖῑ.
391 2313 461 2339 Ant.
482 2307 600 2337 ‘XVIII-
622 2305 646 2334 1·
668 2305 694 2342 §-
716 2311 743 2338 ε.
762 2304 842 2338 neu.
864 2302 937 2341 Jud..
957 2301 995 2331 11.
1020 2305 1047 2331 ε.
1069 2295 1097 2337 §.
1117 2306 1222 2336 2-24-
