<?xml version="1.0" encoding="UTF-8"?>
<!DOCTYPE html PUBLIC "-//W3C//DTD XHTML 1.0 Transitional//EN"
    "http://www.w3.org/TR/xhtml1/DTD/xhtml1-transitional.dtd">
<html xmlns="http://www.w3.org/1999/xhtml" xml:lang="en" lang="en">
 <head>
  <title>
</title>
<meta http-equiv="Content-Type" content="text/html;charset=utf-8" />
  <meta name='ocr-system' content='tesseract 3.04.00' />
  <meta name='ocr-capabilities' content='ocr_page ocr_carea ocr_par ocr_line ocrx_word'/>
</head>
<body>
  <div class='ocr_page' id='page_1' title='image "annalesacademiae34rhen_0057.png"; bbox 0 0 1544 2693; ppageno 0'>
   <div class='ocr_carea' id='block_1_1' title="bbox 538 185 1286 232">
    <p class='ocr_par' dir='ltr' id='par_1_1' title="bbox 538 185 1286 232">
     <span class='ocr_line' id='line_1_1' title="bbox 538 185 1286 232; baseline -0.008 0"><span class='ocrx_word' id='word_1_1' title='bbox 538 185 921 232; x_wconf 79' lang='lat' dir='ltr'>ORATIO.</span> <span class='ocrx_word' id='word_1_2' title='bbox 1233 186 1286 227; x_wconf 75' lang='lat'><strong>13</strong></span> 
     </span>
    </p>
   </div>
   <div class='ocr_carea' id='block_1_2' title="bbox 193 318 1311 883">
    <p class='ocr_par' dir='ltr' id='par_1_2' title="bbox 193 318 1311 883">
     <span class='ocr_line' id='line_1_2' title="bbox 193 318 1296 385; baseline -0.005 -16"><span class='ocrx_word' id='word_1_3' title='bbox 193 323 371 385; x_wconf 85' lang='lat' dir='ltr'><strong>purioris</strong></span> <span class='ocrx_word' id='word_1_4' title='bbox 404 321 611 381; x_wconf 84' lang='lat' dir='ltr'><strong>religionis</strong></span> <span class='ocrx_word' id='word_1_5' title='bbox 638 328 678 365; x_wconf 84' lang='lat' dir='ltr'><strong>et</strong></span> <span class='ocrx_word' id='word_1_6' title='bbox 702 320 867 380; x_wconf 84' lang='lat' dir='ltr'><strong>pietatis</strong></span> <span class='ocrx_word' id='word_1_7' title='bbox 891 318 1031 364; x_wconf 84' lang='lat' dir='ltr'><strong>studio</strong></span> <span class='ocrx_word' id='word_1_8' title='bbox 1059 318 1172 364; x_wconf 88' lang='lat' dir='ltr'><strong>ducti</strong></span> <span class='ocrx_word' id='word_1_9' title='bbox 1188 318 1296 363; x_wconf 83' lang='lat' dir='ltr'><strong>fuis-</strong></span> 
     </span>
     <span class='ocr_line' id='line_1_3' title="bbox 195 401 1298 466; baseline -0.007 -13"><span class='ocrx_word' id='word_1_10' title='bbox 195 414 286 453; x_wconf 77' lang='lat' dir='ltr'><strong>sent</strong></span> <span class='ocrx_word' id='word_1_11' title='bbox 323 405 495 466; x_wconf 86' lang='lat' dir='ltr'><strong>proavi,</strong></span> <span class='ocrx_word' id='word_1_12' title='bbox 546 403 659 448; x_wconf 89' lang='lat' dir='ltr'><strong>haud</strong></span> <span class='ocrx_word' id='word_1_13' title='bbox 702 404 752 447; x_wconf 89' lang='lat' dir='ltr'><strong>iis</strong></span> <span class='ocrx_word' id='word_1_14' title='bbox 795 403 1062 447; x_wconf 88' lang='lat' dir='ltr'><strong>obstetissent</strong></span> <span class='ocrx_word' id='word_1_15' title='bbox 1106 401 1298 461; x_wconf 81' lang='lat' dir='ltr'><strong>Hispani,</strong></span> 
     </span>
     <span class='ocr_line' id='line_1_4' title="bbox 195 485 1301 550; baseline -0.007 -14"><span class='ocrx_word' id='word_1_16' title='bbox 195 490 285 536; x_wconf 81' lang='lat' dir='ltr'><strong>Nisi</strong></span> <span class='ocrx_word' id='word_1_17' title='bbox 315 490 446 550; x_wconf 89' lang='lat' dir='ltr'><strong>pietas</strong></span> <span class='ocrx_word' id='word_1_18' title='bbox 473 488 567 533; x_wconf 89' lang='lat' dir='ltr'><strong>illos</strong></span> <span class='ocrx_word' id='word_1_19' title='bbox 601 487 785 545; x_wconf 87' lang='lat' dir='ltr'><strong>jussisset</strong></span> <span class='ocrx_word' id='word_1_20' title='bbox 824 501 903 545; x_wconf 90' lang='lat' dir='ltr'><strong>pro</strong></span> <span class='ocrx_word' id='word_1_21' title='bbox 935 485 1019 530; x_wconf 88' lang='lat' dir='ltr'><strong>aris</strong></span> <span class='ocrx_word' id='word_1_22' title='bbox 1049 499 1236 545; x_wconf 83' lang='lat' dir='ltr'><strong>pugnare</strong></span> <span class='ocrx_word' id='word_1_23' title='bbox 1259 491 1301 528; x_wconf 83' lang='lat' dir='ltr'><strong>ct</strong></span> 
     </span>
     <span class='ocr_line' id='line_1_5' title="bbox 197 568 1301 630; baseline -0.007 -10"><span class='ocrx_word' id='word_1_24' title='bbox 197 574 327 627; x_wconf 84' lang='lat' dir='ltr'><strong>focis,</strong></span> <span class='ocrx_word' id='word_1_25' title='bbox 370 572 499 630; x_wconf 81' lang='lat' dir='ltr'><strong>quieti</strong></span> <span class='ocrx_word' id='word_1_26' title='bbox 537 579 577 616; x_wconf 89' lang='lat' dir='ltr'><strong>et</strong></span> <span class='ocrx_word' id='word_1_27' title='bbox 613 570 746 615; x_wconf 89' lang='lat' dir='ltr'><strong>securi</strong></span> <span class='ocrx_word' id='word_1_28' title='bbox 783 569 977 614; x_wconf 81' lang='lat' dir='ltr'><strong>vixissent</strong></span> <span class='ocrx_word' id='word_1_29' title='bbox 1012 569 1056 613; x_wconf 89' lang='lat' dir='ltr'><strong>in</strong></span> <span class='ocrx_word' id='word_1_30' title='bbox 1089 568 1180 613; x_wconf 93' lang='lat' dir='ltr'><strong>solo</strong></span> <span class='ocrx_word' id='word_1_31' title='bbox 1223 581 1301 613; x_wconf 86' lang='lat' dir='ltr'><strong>suo</strong></span> 
     </span>
     <span class='ocr_line' id='line_1_6' title="bbox 198 641 1309 716; baseline -0.005 -14"><span class='ocrx_word' id='word_1_32' title='bbox 198 657 351 716; x_wconf 82' lang='lat' dir='ltr'><strong>natali3</strong></span> <span class='ocrx_word' id='word_1_33' title='bbox 385 671 518 713; x_wconf 90' lang='lat' dir='ltr'><strong>neque</strong></span> <span class='ocrx_word' id='word_1_34' title='bbox 542 669 648 713; x_wconf 92' lang='lat' dir='ltr'><strong>opus</strong></span> <span class='ocrx_word' id='word_1_35' title='bbox 678 641 827 697; x_wconf 23' lang='lat' dir='ltr'><strong>suisset·</strong></span> <span class='ocrx_word' id='word_1_36' title='bbox 851 652 1142 709; x_wconf 83' lang='lat' dir='ltr'><strong>Inquisitione3</strong></span> <span class='ocrx_word' id='word_1_37' title='bbox 1171 665 1309 708; x_wconf 76' lang='lat' dir='ltr'><strong>neque</strong></span> 
     </span>
     <span class='ocr_line' id='line_1_7' title="bbox 199 734 1307 792; baseline -0.007 -6"><span class='ocrx_word' id='word_1_38' title='bbox 199 741 359 786; x_wconf 92' lang='lat' dir='ltr'><strong>Edictis</strong></span> <span class='ocrx_word' id='word_1_39' title='bbox 390 747 429 784; x_wconf 89' lang='lat' dir='ltr'><strong>et</strong></span> <span class='ocrx_word' id='word_1_40' title='bbox 464 738 653 782; x_wconf 82' lang='lat' dir='ltr'><strong>Decretis</strong></span> <span class='ocrx_word' id='word_1_41' title='bbox 687 735 991 781; x_wconf 86' lang='lat' dir='ltr'><strong>severioribus:</strong></span> <span class='ocrx_word' id='word_1_42' title='bbox 1033 751 1158 792; x_wconf 82' lang='lat' dir='ltr'><strong>quam</strong></span> <span class='ocrx_word' id='word_1_43' title='bbox 1196 734 1307 779; x_wconf 85' lang='lat' dir='ltr'><strong>enim</strong></span> 
     </span>
     <span class='ocr_line' id='line_1_8' title="bbox 200 818 1311 883; baseline -0.005 -15"><span class='ocrx_word' id='word_1_44' title='bbox 200 839 279 883; x_wconf 88' lang='lat' dir='ltr'><strong>per</strong></span> <span class='ocrx_word' id='word_1_45' title='bbox 305 821 580 880; x_wconf 81' lang='lat' dir='ltr'><strong>quadraginta</strong></span> <span class='ocrx_word' id='word_1_46' title='bbox 619 821 706 865; x_wconf 89' lang='lat' dir='ltr'><strong>fere</strong></span> <span class='ocrx_word' id='word_1_47' title='bbox 748 834 879 863; x_wconf 88' lang='lat' dir='ltr'><strong>annos</strong></span> <span class='ocrx_word' id='word_1_48' title='bbox 919 819 973 862; x_wconf 89' lang='lat' dir='ltr'><strong>ad</strong></span> <span class='ocrx_word' id='word_1_49' title='bbox 999 818 1201 864; x_wconf 87' lang='lat' dir='ltr'><strong>sancitum</strong></span> <span class='ocrx_word' id='word_1_50' title='bbox 1234 833 1311 863; x_wconf 83' lang='lat' dir='ltr'><strong>us-</strong></span> 
     </span>
    </p>
   </div>
   <div class='ocr_carea' id='block_1_3' title="bbox 119 903 1313 966">
    <p class='ocr_par' dir='ltr' id='par_1_3' title="bbox 119 903 1313 966">
     <span class='ocr_line' id='line_1_9' title="bbox 119 903 1313 966; baseline -0.006 -13"><span class='ocrx_word' id='word_1_51' title='bbox 119 931 123 933; x_wconf 43' lang='lat'><em>*</em></span> <span class='ocrx_word' id='word_1_52' title='bbox 203 923 284 966; x_wconf 88' lang='lat' dir='ltr'><strong>que</strong></span> <span class='ocrx_word' id='word_1_53' title='bbox 310 906 478 951; x_wconf 89' lang='lat' dir='ltr'><strong>Foedus</strong></span> <span class='ocrx_word' id='word_1_54' title='bbox 505 905 706 950; x_wconf 90' lang='lat' dir='ltr'><strong>nobilium</strong></span> <span class='ocrx_word' id='word_1_55' title='bbox 721 905 938 948; x_wconf 86' lang='lat' dir='ltr'><strong>Nostrates</strong></span> <span class='ocrx_word' id='word_1_56' title='bbox 955 903 1154 962; x_wconf 89' lang='lat' dir='ltr'><strong>Hispanis</strong></span> <span class='ocrx_word' id='word_1_57' title='bbox 1168 917 1313 963; x_wconf 86' lang='lat' dir='ltr'><strong>oppo-</strong></span> 
     </span>
    </p>
   </div>
   <div class='ocr_carea' id='block_1_4' title="bbox 202 987 1332 2314">
    <p class='ocr_par' dir='ltr' id='par_1_4' title="bbox 202 987 1332 1960">
     <span class='ocr_line' id='line_1_10' title="bbox 207 987 1314 1045; baseline -0.003 -9"><span class='ocrx_word' id='word_1_58' title='bbox 207 998 377 1037; x_wconf 86' lang='lat' dir='ltr'><strong>suerunt</strong></span> <span class='ocrx_word' id='word_1_59' title='bbox 404 991 513 1045; x_wconf 79' lang='lat' dir='ltr'><strong>vim3</strong></span> <span class='ocrx_word' id='word_1_60' title='bbox 548 990 658 1033; x_wconf 89' lang='lat' dir='ltr'><strong>hanc</strong></span> <span class='ocrx_word' id='word_1_61' title='bbox 689 988 834 1033; x_wconf 89' lang='lat' dir='ltr'><strong>edictis</strong></span> <span class='ocrx_word' id='word_1_62' title='bbox 869 995 909 1032; x_wconf 90' lang='lat' dir='ltr'><strong>et</strong></span> <span class='ocrx_word' id='word_1_63' title='bbox 946 987 1122 1032; x_wconf 87' lang='lat' dir='ltr'><strong>decretis</strong></span> <span class='ocrx_word' id='word_1_64' title='bbox 1154 988 1206 1032; x_wconf 89' lang='lat' dir='ltr'><strong>de</strong></span> <span class='ocrx_word' id='word_1_65' title='bbox 1239 1002 1314 1033; x_wconf 88' lang='lat' dir='ltr'><strong>re-</strong></span> 
     </span>
     <span class='ocr_line' id='line_1_11' title="bbox 202 1071 1311 1133; baseline -0.002 -14"><span class='ocrx_word' id='word_1_66' title='bbox 202 1073 358 1133; x_wconf 79' lang='lat' dir='ltr'><strong>ligione</strong></span> <span class='ocrx_word' id='word_1_67' title='bbox 387 1080 427 1117; x_wconf 88' lang='lat' dir='ltr'><strong>et</strong></span> <span class='ocrx_word' id='word_1_68' title='bbox 453 1072 717 1130; x_wconf 88' lang='lat' dir='ltr'><strong>inquisitione</strong></span> <span class='ocrx_word' id='word_1_69' title='bbox 745 1073 831 1116; x_wconf 88' lang='lat' dir='ltr'><strong>sere</strong></span> <span class='ocrx_word' id='word_1_70' title='bbox 856 1071 976 1115; x_wconf 90' lang='lat' dir='ltr'><strong>unice</strong></span> <span class='ocrx_word' id='word_1_71' title='bbox 993 1079 1311 1130; x_wconf 81' lang='lat' dir='ltr'><strong>opposuerunt.</strong></span> 
     </span>
     <span class='ocr_line' id='line_1_12' title="bbox 209 1156 1314 1215; baseline -0.002 -12"><span class='ocrx_word' id='word_1_72' title='bbox 209 1158 463 1203; x_wconf 86' lang='lat' dir='ltr'><strong>Libertatem</strong></span> <span class='ocrx_word' id='word_1_73' title='bbox 510 1156 720 1215; x_wconf 83' lang='lat' dir='ltr'><strong>religionis</strong></span> <span class='ocrx_word' id='word_1_74' title='bbox 769 1156 996 1214; x_wconf 85' lang='lat' dir='ltr'><strong>petebant3</strong></span> <span class='ocrx_word' id='word_1_75' title='bbox 1049 1170 1217 1199; x_wconf 88' lang='lat' dir='ltr'><strong>causam</strong></span> <span class='ocrx_word' id='word_1_76' title='bbox 1255 1156 1314 1201; x_wconf 87' lang='lat' dir='ltr'><strong>ita</strong></span> 
     </span>
     <span class='ocr_line' id='line_1_13' title="bbox 210 1239 1317 1301; baseline -0.008 -14"><span class='ocrx_word' id='word_1_77' title='bbox 210 1243 390 1301; x_wconf 81' lang='lat' dir='ltr'><strong>agebant</strong></span> <span class='ocrx_word' id='word_1_78' title='bbox 416 1241 708 1299; x_wconf 75' lang='lat' dir='ltr'><strong>Emopaeam,</strong></span> <span class='ocrx_word' id='word_1_79' title='bbox 744 1254 874 1297; x_wconf 88' lang='lat' dir='ltr'><strong>eaque</strong></span> <span class='ocrx_word' id='word_1_80' title='bbox 898 1239 1083 1292; x_wconf 87' lang='lat' dir='ltr'><strong>inducti,</strong></span> <span class='ocrx_word' id='word_1_81' title='bbox 1119 1239 1190 1297; x_wconf 91' lang='lat' dir='ltr'><strong>qui</strong></span> <span class='ocrx_word' id='word_1_82' title='bbox 1222 1239 1317 1299; x_wconf 81' lang='lat' dir='ltr'><strong>pri..</strong></span> 
     </span>
     <span class='ocr_line' id='line_1_14' title="bbox 211 1323 1319 1383; baseline -0.004 -12"><span class='ocrx_word' id='word_1_83' title='bbox 211 1326 354 1383; x_wconf 80' lang='lat' dir='ltr'><strong>vilegia</strong></span> <span class='ocrx_word' id='word_1_84' title='bbox 384 1339 458 1369; x_wconf 90' lang='lat' dir='ltr'><strong>sua</strong></span> <span class='ocrx_word' id='word_1_85' title='bbox 488 1331 728 1376; x_wconf 89' lang='lat' dir='ltr'><strong>tuerentur,</strong></span> <span class='ocrx_word' id='word_1_86' title='bbox 771 1338 851 1381; x_wconf 89' lang='lat' dir='ltr'><strong>pro</strong></span> <span class='ocrx_word' id='word_1_87' title='bbox 881 1323 1079 1382; x_wconf 84' lang='lat' dir='ltr'><strong>religione</strong></span> <span class='ocrx_word' id='word_1_88' title='bbox 1119 1331 1158 1368; x_wconf 89' lang='lat' dir='ltr'><strong>et</strong></span> <span class='ocrx_word' id='word_1_89' title='bbox 1192 1323 1319 1368; x_wconf 88' lang='lat' dir='ltr'><strong>animi</strong></span> 
     </span>
     <span class='ocr_line' id='line_1_15' title="bbox 210 1407 1320 1467; baseline -0.004 -12"><span class='ocrx_word' id='word_1_90' title='bbox 210 1411 404 1455; x_wconf 84' lang='lat' dir='ltr'><strong>libertate</strong></span> <span class='ocrx_word' id='word_1_91' title='bbox 440 1408 577 1453; x_wconf 87' lang='lat' dir='ltr'><strong>omnia</strong></span> <span class='ocrx_word' id='word_1_92' title='bbox 614 1407 702 1467; x_wconf 84' lang='lat' dir='ltr'><strong>pati</strong></span> <span class='ocrx_word' id='word_1_93' title='bbox 742 1407 951 1452; x_wconf 88' lang='lat' dir='ltr'><strong>audebant</strong></span> <span class='ocrx_word' id='word_1_94' title='bbox 988 1408 1153 1466; x_wconf 86' lang='lat' dir='ltr'><strong>Belgae.</strong></span> <span class='ocrx_word' id='word_1_95' title='bbox 1223 1407 1320 1452; x_wconf 87' lang='lat' dir='ltr'><strong>Jam</strong></span> 
     </span>
     <span class='ocr_line' id='line_1_16' title="bbox 214 1491 1319 1551; baseline -0.005 -11"><span class='ocrx_word' id='word_1_96' title='bbox 214 1510 343 1548; x_wconf 84' lang='lat' dir='ltr'><strong>vero,</strong></span> <span class='ocrx_word' id='word_1_97' title='bbox 385 1508 469 1551; x_wconf 92' lang='lat' dir='ltr'><strong>quo</strong></span> <span class='ocrx_word' id='word_1_98' title='bbox 507 1492 637 1551; x_wconf 85' lang='lat' dir='ltr'><strong>magis</strong></span> <span class='ocrx_word' id='word_1_99' title='bbox 678 1493 796 1536; x_wconf 89' lang='lat' dir='ltr'><strong>furor</strong></span> <span class='ocrx_word' id='word_1_100' title='bbox 840 1491 969 1536; x_wconf 87' lang='lat' dir='ltr'><strong>saevit</strong></span> <span class='ocrx_word' id='word_1_101' title='bbox 1011 1492 1319 1551; x_wconf 87' lang='lat' dir='ltr'><strong>Hispanorum,</strong></span> 
     </span>
     <span class='ocr_line' id='line_1_17' title="bbox 217 1575 1325 1637; baseline -0.005 -12"><span class='ocrx_word' id='word_1_102' title='bbox 217 1586 276 1625; x_wconf 74' lang='lat' dir='ltr'><strong>eov</strong></span> <span class='ocrx_word' id='word_1_103' title='bbox 303 1579 433 1637; x_wconf 88' lang='lat' dir='ltr'><strong>magis</strong></span> <span class='ocrx_word' id='word_1_104' title='bbox 470 1576 524 1620; x_wconf 88' lang='lat' dir='ltr'><strong>ad</strong></span> <span class='ocrx_word' id='word_1_105' title='bbox 553 1590 701 1633; x_wconf 88' lang='lat' dir='ltr'><strong>rogum</strong></span> <span class='ocrx_word' id='word_1_106' title='bbox 735 1591 866 1633; x_wconf 90' lang='lat' dir='ltr'><strong>usque</strong></span> <span class='ocrx_word' id='word_1_107' title='bbox 901 1583 995 1620; x_wconf 83' lang='lat' dir='ltr'><strong>sunt</strong></span> <span class='ocrx_word' id='word_1_108' title='bbox 1022 1575 1224 1632; x_wconf 86' lang='lat' dir='ltr'><strong>libertatis</strong></span> <span class='ocrx_word' id='word_1_109' title='bbox 1251 1590 1325 1620; x_wconf 80' lang='lat' dir='ltr'><strong>re·-</strong></span> 
     </span>
     <span class='ocr_line' id='line_1_18' title="bbox 216 1659 1332 1722; baseline -0.001 -15"><span class='ocrx_word' id='word_1_110' title='bbox 216 1663 387 1722; x_wconf 88' lang='lat' dir='ltr'><strong>ligiosae</strong></span> <span class='ocrx_word' id='word_1_111' title='bbox 419 1669 611 1713; x_wconf 80' lang='lat' dir='ltr'><strong>tenaces,</strong></span> <span class='ocrx_word' id='word_1_112' title='bbox 649 1667 687 1703; x_wconf 91' lang='lat' dir='ltr'><strong>et</strong></span> <span class='ocrx_word' id='word_1_113' title='bbox 723 1660 830 1704; x_wconf 87' lang='lat' dir='ltr'><strong>valet</strong></span> <span class='ocrx_word' id='word_1_114' title='bbox 862 1659 911 1703; x_wconf 79' lang='lat' dir='ltr'><strong>de</strong></span> <span class='ocrx_word' id='word_1_115' title='bbox 938 1660 988 1704; x_wconf 89' lang='lat' dir='ltr'><strong>iis</strong></span> <span class='ocrx_word' id='word_1_116' title='bbox 1015 1660 1233 1718; x_wconf 86' lang='lat' dir='ltr'><strong>praeclara</strong></span> <span class='ocrx_word' id='word_1_117' title='bbox 1259 1659 1332 1706; x_wconf 79' lang='lat' dir='ltr'><strong>illa.</strong></span> 
     </span>
     <span class='ocr_line' id='line_1_19' title="bbox 220 1742 1331 1802; baseline -0.004 -10"><span class='ocrx_word' id='word_1_118' title='bbox 220 1746 357 1792; x_wconf 87' lang='lat' dir='ltr'><strong>Grotii</strong></span> <span class='ocrx_word' id='word_1_119' title='bbox 383 1744 607 1790; x_wconf 87' lang='lat' dir='ltr'><strong>sententia:</strong></span> <span class='ocrx_word' id='word_1_120' title='bbox 654 1743 856 1801; x_wconf 77' lang='lat' dir='ltr'><strong>«Religio</strong></span> <span class='ocrx_word' id='word_1_121' title='bbox 881 1743 1141 1798; x_wconf 87' lang='lat' dir='ltr'><strong>Christiana,</strong></span> <span class='ocrx_word' id='word_1_122' title='bbox 1166 1742 1331 1802; x_wconf 77' lang='lat' dir='ltr'><strong>gravius</strong></span> 
     </span>
     <span class='ocr_line' id='line_1_20' title="bbox 222 1826 1328 1891; baseline -0.004 -15"><span class='ocrx_word' id='word_1_123' title='bbox 222 1849 248 1876; x_wconf 71' lang='grc' dir='ltr'><strong>ι(</strong></span> <span class='ocrx_word' id='word_1_124' title='bbox 278 1846 448 1891; x_wconf 86' lang='lat' dir='ltr'><strong>pressa,</strong></span> <span class='ocrx_word' id='word_1_125' title='bbox 479 1829 650 1873; x_wconf 85' lang='lat' dir='ltr'><strong>feliciter</strong></span> <span class='ocrx_word' id='word_1_126' title='bbox 680 1828 885 1886; x_wconf 85' lang='lat' dir='ltr'><strong>exsurgit,</strong></span> <span class='ocrx_word' id='word_1_127' title='bbox 925 1835 966 1872; x_wconf 89' lang='lat' dir='ltr'><strong>et</strong></span> <span class='ocrx_word' id='word_1_128' title='bbox 1001 1827 1103 1871; x_wconf 91' lang='lat' dir='ltr'><strong>nihil</strong></span> <span class='ocrx_word' id='word_1_129' title='bbox 1139 1835 1201 1872; x_wconf 90' lang='lat' dir='ltr'><strong>est</strong></span> <span class='ocrx_word' id='word_1_130' title='bbox 1232 1826 1328 1886; x_wconf 81' lang='lat' dir='ltr'><strong>ipsa</strong></span> 
     </span>
     <span class='ocr_line' id='line_1_21' title="bbox 223 1911 814 1960; baseline -0.017 0"><span class='ocrx_word' id='word_1_131' title='bbox 223 1932 248 1960; x_wconf 74' lang='grc' dir='ltr'><strong>ι(</strong></span> <span class='ocrx_word' id='word_1_132' title='bbox 279 1922 413 1959; x_wconf 90' lang='lat' dir='ltr'><strong>morte</strong></span> <span class='ocrx_word' id='word_1_133' title='bbox 444 1912 734 1957; x_wconf 85' lang='lat' dir='ltr'><strong>foecundius.”</strong></span> <span class='ocrx_word' id='word_1_134' title='bbox 767 1911 814 1950; x_wconf 86' lang='lat'><strong>(4)</strong></span> 
     </span>
    </p>

    <p class='ocr_par' dir='ltr' id='par_1_5' title="bbox 224 1995 1332 2314">
     <span class='ocr_line' id='line_1_22' title="bbox 280 1995 1328 2056; baseline -0.003 -13"><span class='ocrx_word' id='word_1_135' title='bbox 280 1997 505 2043; x_wconf 83' lang='lat' dir='ltr'><strong>Historiam</strong></span> <span class='ocrx_word' id='word_1_136' title='bbox 518 1997 787 2056; x_wconf 88' lang='lat' dir='ltr'><strong>inspiciamus</strong></span> <span class='ocrx_word' id='word_1_137' title='bbox 799 2028 811 2044; x_wconf 86' lang='lat'>,</span> <span class='ocrx_word' id='word_1_138' title='bbox 826 1996 864 2040; x_wconf 84' lang='lat' dir='ltr'><strong>A</strong></span> <span class='ocrx_word' id='word_1_139' title='bbox 883 1995 935 2041; x_wconf 83' lang='lat' dir='ltr'><strong>A.</strong></span> <span class='ocrx_word' id='word_1_140' title='bbox 949 2017 992 2027; x_wconf 87' lang='lat'>-</span> <span class='ocrx_word' id='word_1_141' title='bbox 1013 1995 1161 2040; x_wconf 83' lang='lat' dir='ltr'><strong>Pietati</strong></span> <span class='ocrx_word' id='word_1_142' title='bbox 1175 2009 1328 2056; x_wconf 85' lang='lat' dir='ltr'><strong>super-</strong></span> 
     </span>
     <span class='ocr_line' id='line_1_23' title="bbox 224 2078 1329 2140; baseline -0.004 -13"><span class='ocrx_word' id='word_1_143' title='bbox 224 2083 430 2128; x_wconf 83' lang='lat' dir='ltr'><strong>stitionem</strong></span> <span class='ocrx_word' id='word_1_144' title='bbox 458 2087 677 2140; x_wconf 87' lang='lat' dir='ltr'><strong>opponunt</strong></span> <span class='ocrx_word' id='word_1_145' title='bbox 699 2079 895 2138; x_wconf 83' lang='lat' dir='ltr'><strong>Hispani3</strong></span> <span class='ocrx_word' id='word_1_146' title='bbox 931 2078 1133 2123; x_wconf 83' lang='lat' dir='ltr'><strong>sentiendi</strong></span> <span class='ocrx_word' id='word_1_147' title='bbox 1155 2079 1329 2123; x_wconf 86' lang='lat' dir='ltr'><strong>liberta-</strong></span> 
     </span>
     <span class='ocr_line' id='line_1_24' title="bbox 226 2162 1332 2226; baseline -0.004 -14"><span class='ocrx_word' id='word_1_148' title='bbox 226 2175 306 2212; x_wconf 84' lang='lat' dir='ltr'><strong>tem</strong></span> <span class='ocrx_word' id='word_1_149' title='bbox 334 2173 480 2226; x_wconf 85' lang='lat' dir='ltr'><strong>petunt</strong></span> <span class='ocrx_word' id='word_1_150' title='bbox 505 2166 736 2209; x_wconf 83' lang='lat' dir='ltr'><strong>Nostrates.</strong></span> <span class='ocrx_word' id='word_1_151' title='bbox 807 2162 1120 2222; x_wconf 88' lang='lat' dir='ltr'><strong>Despotismum</strong></span> <span class='ocrx_word' id='word_1_152' title='bbox 1145 2164 1332 2208; x_wconf 86' lang='lat' dir='ltr'><strong>condunt</strong></span> 
     </span>
     <span class='ocr_line' id='line_1_25' title="bbox 227 2247 1326 2314; baseline -0.002 -19"><span class='ocrx_word' id='word_1_153' title='bbox 227 2251 418 2314; x_wconf 80' lang='lat' dir='ltr'><strong>Hispani.</strong></span> <span class='ocrx_word' id='word_1_154' title='bbox 471 2248 625 2294; x_wconf 81' lang='lat' dir='ltr'><strong>Saeviit</strong></span> <span class='ocrx_word' id='word_1_155' title='bbox 646 2248 690 2292; x_wconf 90' lang='lat' dir='ltr'><strong>in</strong></span> <span class='ocrx_word' id='word_1_156' title='bbox 712 2247 799 2293; x_wconf 90' lang='lat' dir='ltr'><strong>dies</strong></span> <span class='ocrx_word' id='word_1_157' title='bbox 819 2247 950 2305; x_wconf 86' lang='lat' dir='ltr'><strong>magis</strong></span> <span class='ocrx_word' id='word_1_158' title='bbox 970 2253 1183 2306; x_wconf 82' lang='lat' dir='ltr'><strong>magisque</strong></span> <span class='ocrx_word' id='word_1_159' title='bbox 1209 2256 1326 2293; x_wconf 83' lang='lat' dir='ltr'><strong>atro-</strong></span> 
     </span>
    </p>
   </div>
  </div>
 </body>
</html>
