1544 2693
347 198 936 244 THEOLOGICA.
1141 204 1211 246 193

99 316 255 362 deinde,
282 315 560 354 deliberatione
583 313 628 351 ab
656 315 722 358 ea,
751 323 834 360 cap.
863 310 936 348 1112
965 304 1211 358 αι’-311236.

101 386 280 437 denique,
321 387 367 424 de
400 393 503 434 grato
544 383 694 430 anim,
736 393 813 430 quo
849 380 1026 419 liberatos
1063 387 1214 428 oportet

102 455 178 496 esse
207 466 292 504 erga
330 456 478 502 Deum,
504 463 587 502 cap.
615 453 702 491 XII:
734 447 892 491 raxV:
926 463 987 501 13.
1014 450 1058 487 In
1085 443 1215 502 primd

102 536 221 564 autem
245 524 472 564 catechismi
500 533 627 572 parte,
650 522 802 570 misteria
825 522 978 559 hominis
1007 518 1215 569 spectatur,

105 596 143 633 in
171 605 319 633 naturae
342 596 522 633 humanae
545 593 834 642 depravatione,
863 598 956 638 'quae
980 589 1218 638 cognoscitur

107 677 127 703 e
159 666 232 704 Dei
268 667 363 714 lege.
404 658 504 712 resp.
546 675 581 712 3.
624 663 724 700 Haec
755 660 852 699 enirn
891 668 1052 698 amorem
1084 661 1219 707 iubet,

107 747 146 782 4.
172 746 192 772 a
220 746 296 783 quo
337 745 408 772 nos
438 733 546 771 alieni
573 732 714 770 sumus.
774 742 811 779 5.
848 730 901 768 Ita
932 738 1053 767 autem
1088 738 1165 767 non
1201 737 1221 766 a

112 806 192 843 Deo
230 804 355 842 sumus
389 802 599 852 procreati,
640 803 677 838 6.
719 800 780 838 sed
806 812 826 838 a
860 800 980 848 primii
1012 799 1223 848 integritate

109 873 262 922 delapsi,
289 883 373 910 cum
407 870 537 920 primis
564 870 708 919 generis
728 870 848 907 nostri
876 868 1121 917 parentibus,
1150 868 1226 906 dia-

111 943 189 980 boli
230 942 358 981 fraude
399 941 582 991 pellectis.
630 950 748 988 7—9.
801 939 884 978 Lex
927 947 1046 987 vero,
1092 939 1227 976 iubens

111 1013 364 1059 sanctitatem,
414 1012 575 1049 minatur
615 1011 796 1059 improbis
830 1017 968 1059 poenas
1007 1002 1228 1059 temporales

117 1094 152 1123 et
193 1093 384 1129 aeternam,
429 1094 489 1121 ιο.
530 1083 744 1131 postulante
777 1082 848 1120 Dei
885 1079 1045 1128 iustitia,
1073 1087 1140 1119 nec
1173 1087 1232 1118 re⁴

119 1153 283 1202 fragante
310 1153 389 1190 eius
417 1153 677 1191 misericordia.
711 1165 772 1191 11.
828 1151 870 1190 In
893 1151 1065 1199 fiecunda'
1099 1158 1230 1200 parte,

120 1224 303 1273 spectatur
334 1225 490 1261 hominis
521 1224 716 1268 liberatio,
757 1223 801 1260 de
838 1225 937 1269 qua,
978 1228 1043 1270 pet·
1070 1221 1138 1259 Dei
1174 1221 1233 1259 iti-³

119 1294 273 1339 stitiam,
310 1293 581 1342 ‘desperandum
616 1292 742 1339 foret,
784 1301 843 1330 12.
881 1288 907 1330 fi
942 1300 1009 1338 ea,
1036 1287 1141 1330 vela
1165 1302 1235 1329 noa

122 1364 256 1402 bismet
276 1364 388 1411 ipfis,
421 1375 481 1412 13.
509 1365 569 1401 vel
598 1363 642 1401 ab
670 1363 751 1401 aliis
769 1364 911 1401 naturis
937 1356 1029 1400 esset
1053 1363 1234 1410 petenda,

127 1446 189 1481 14.
219 1434 518 1482 quandoquidem
555 1433 665 1471 nobis
698 1441 795 1481 opus
828 1438 884 1471 est
908 1431 970 1471 tali
996 1431 1204 1471 Mediatore
1222 1460 1235 1480 ‚

129 1515 188 1552 15.
216 1504 365 1542 homine
389 1515 477 1542 vero
502 1513 537 1541 et
563 1504 715 1551 fimeto,
748 1506 807 1541 16.
837 1512 1062 1550 naturaeque
1093 1503 1239 1541 divinae

125 1573 251 1622 socio,
298 1585 358 1623 17.
389 1574 507 1622 qualis
542 1582 651 1612 nemo
678 1582 762 1619 est,
790 1573 856 1612 nisi
892 1568 1080 1612 Dominus
1111 1581 1241 1612 noster

125 1643 224 1681 lesus
266 1644 472 1690 Christus,
528 1654 548 1681 a
586 1645 703 1690 Deo,
759 1646 819 1682 18.
877 1643 962 1681 olim
1005 1642 1241 1691 promissus,

127 1724 227 1751 nunc
259 1713 368 1751 nobis
406 1715 580 1752 donatus.
631 1725 690 1760 19.
749 1713 870 1750 Huius
909 1722 981 1760 ope
1025 1713 1242 1760 servantur,

130 1793 206 1822 non
241 1784 386 1831 quidem
426 1794 556 1821 omnes
597 1783 742 1830 miseri,
796 1783 856 1820 sed
903 1784 1120 1831 quicunque
1157 1782 1246 1821 ver-a

133 1852 204 1891 fide
237 1864 321 1890 cum
357 1864 400 1890 eo
439 1852 554 1890 iuncti
602 1852 779 1890 beneficia
831 1854 911 1891 eius
954 1855 1245 1901 amplectuntur·

132 1937 195 1962 20.
228 1922 349 1960 Huius
378 1922 462 1959 fidei
486 1922 628 1960 indoles
655 1923 897 1969 describitur,
926 1936 987 1962 21.
1019 1932 1079 1971 et,
1108 1925 1247 1971 quibus

134 1995 199 2055 inl
214 1993 324 2031 rebus
370 1993 562 2032 credendis
608 1993 810 2031 salutariter
855 1993 1042 2041 versetur,
1097 1980 1260 2032 uberius

133 2073 342 2110 enarratur,
369 2065 463 2101 duce
480 2064 685 2111 Symbolo‚
715 2075 752 2110 q.
777 2065 813 2101 d.
834 2064 1057 2110 apostolica
1079 2068 1245 2112 22—58.

138 2136 215 2172 Hac
249 2135 361 2183 igitur
391 2134 460 2172 fide
491 2133 697 2172 Liberatori
732 2134 852 2173 habital
889 2133 1115 2172 absolvimur
1150 2145 1252 2172 coma

139 2204 266 2243 meritzi
281 2207 399 2252 poen-„l
413 2233 426 2252 ‚
455 2204 626 2251 vitaeque
645 2213 809 2242 aeternae
825 2204 885 2251 fpe
901 2205 1073 2250 beamur,
1091 2211 1136 2251 59
1153 2224 1166 2229 κ·
1186 2207 1250 2241 61.

137 2284 212 2311 non
240 2273 515 2311 bencfactorum
544 2275 690 2311 merito.
722 2277 891 2322 (mmai.
940 2275 1035 2312 Haec
1073 2269 1162 2312 fides
1188 2272 1254 2320 pe?

674 2342 711 2381 N
1129 2345 1158 2382 E
1168 2350 1254 2382 nan«
