1487 2703
673 140 694 163 O

254 243 301 284 52
492 228 1154 270 COMMENTArio

308 343 433 391 Quum
461 350 579 379 autem
609 339 849 377 intellexisset
874 339 1141 386 Vespasianum
1176 340 1215 377 in
1245 348 1371 378 mente

260 412 393 450 habere
419 411 626 460 Jotapatam
658 419 896 458 expugnare,
928 408 1118 457 josephus
1143 409 1267 447 statim
1300 410 1370 447 Ti-

262 482 432 519 beriaden
473 480 644 526 reliquit,
698 489 734 516 et
780 478 818 516 in
857 478 984 517 urbem
1018 481 1295 528 expugnandam
1330 491 1372 517 se

261 552 435 590 contulit.
501 549 750 597 Vespasianus
781 557 902 586 autem
940 549 1041 586 hisce
1076 549 1210 588 auditis
1246 549 1371 588 statim

262 633 309 660 eo
346 621 446 659 misit
479 619 664 659 Placidum
696 626 732 656 et
763 617 968 657 Aebutium
1007 619 1118 657 duces
1156 630 1240 657 cum
1273 619 1375 657 mille

263 690 482 740 equitibus,
521 698 564 727 ut
595 689 724 726 urbem
757 689 971 737 cingerent,
998 700 1045 726 ne
1067 688 1256 738 Josephus
1283 700 1373 738 pos·

264 771 322 801 set
353 761 556 808 aufugere,
583 759 795 797 existimans
831 770 946 806 quum
975 758 1026 796 ita
1047 758 1273 806 praefectum
1298 759 1377 798 Ga·

262 833 387 871 lilaeae
432 831 671 877 inclusisset,
724 841 765 868 se
804 837 921 867 totam
963 828 1151 877 regionem
1190 828 1296 868 brevi
1336 828 1375 867 in

264 914 367 941 suam
403 909 622 950 potestatem
648 899 811 949 redigere
841 911 969 948 posse.
1023 900 1108 948 Ipse
1137 908 1259 937 autem
1289 910 1375 937 cum

265 971 442 1010 omnibus
473 970 551 1008 suis
576 968 698 1017 copiis
735 977 886 1006 secutus
919 977 1001 1016 est,
1038 977 1074 1006 et
1106 969 1151 1006 ad
1185 967 1376 1016 sequentis

264 1041 337 1080 diei
363 1051 551 1089 vesperam
577 1040 615 1076 in
644 1038 804 1087 quodam
840 1038 936 1076 colle
969 1045 1087 1076 castra
1127 1037 1282 1085 posuit,
1310 1036 1377 1085 qui

263 1112 309 1150 ab
352 1110 445 1148 urbe
481 1117 624 1158 septem
655 1109 771 1148 stadia
806 1108 980 1147 distabat.
1059 1108 1205 1146 Incolae
1242 1106 1376 1155 urbis,

264 1181 433 1231 quamvis
465 1180 587 1229 primo
609 1180 786 1227 adspectu
811 1178 923 1228 hujus
945 1177 1126 1217 exercitus
1146 1178 1378 1225 aliquatenus

263 1251 455 1298 deterriti,
483 1251 626 1289 animos
652 1258 773 1287 tamen
807 1249 1036 1297 collegerunt
1061 1257 1098 1290 et
1123 1247 1169 1286 ad
1191 1246 1380 1286 defensio-

266 1333 347 1360 nem
383 1333 464 1359 sese
496 1327 805 1369 praeparaverunt
831 1318 910 1366 (ι).

314 1391 494 1441 Sequenti
535 1391 609 1440 jam
643 1390 702 1427 die
724 1389 860 1439 Judaei
894 1388 1074 1427 Romanis
1117 1388 1265 1428 obviam
1299 1388 1379 1427 ive·

263 1469 375 1508 runt3
416 1460 481 1498 sed
514 1460 621 1496 etiam
653 1457 906 1506 Vespasianus
939 1457 1176 1505 sagittarios,
1209 1459 1381 1506 aliosque

261 1530 393 1569 leviter
416 1537 575 1566 armatos
603 1527 703 1565 misit
731 1528 776 1565 ad
798 1526 925 1564 urbem
952 1527 1234 1576 impugnandam
1250 1555 1264 1576 ‚
1291 1539 1382 1576 qua·

264 1612 304 1638 re
338 1599 529 1649 Josephus
573 1599 655 1646 ipse
696 1609 782 1635 cum
828 1606 932 1645 parte
973 1597 1144 1645 praesidii
1185 1598 1377 1645 prosiluit.

263 1672 390 1718 Pugna
420 1668 593 1707 terribilis
629 1667 775 1715 oriti1r3
828 1666 1005 1705 victoriae
1045 1666 1264 1707 desiderium
1301 1667 1383 1706 Ro-

265 1750 422 1786 manos,
474 1737 605 1776 salutis
650 1736 857 1785 desperatio
886 1737 1046 1787 Judaeos
1082 1736 1239 1786 incitat3
1290 1737 1379 1776 illos

264 1808 396 1858 peritia
432 1817 468 1846 et
503 1807 711 1854 fortitudo,
740 1808 810 1844 hos
849 1807 996 1846 audacia
1028 1815 1064 1844 et
1097 1805 1204 1845 furor
1237 1817 1377 1858 armat;

265 1889 387 1917 totum
419 1880 515 1917 diem
555 1887 749 1926 pugnant,
783 1878 871 1914 dum
911 1877 1053 1915 tandem
1087 1876 1269 1924 proelium
1301 1888 1380 1916 nox

265 1949 479 1996 dirimeret3
508 1947 663 1985 victoria
695 1946 769 1984 fuit
796 1947 962 1995 incerta,
1001 1947 1256 1985 Romanorum
1295 1949 1380 1995 plu-

265 2018 348 2056 rimi
386 2018 597 2064 vulnerati,
626 2017 874 2064 tredecimque
911 2015 1122 2064 interfecti,
1149 2018 1376 2066 Judaeorum

265 2089 429 2127 sexcenti
463 2087 675 2134 vulnerati,
701 2087 962 2135 septemdecim
997 2087 1182 2126 interfecti
1209 2097 1312 2127 sunt.
1373 2104 1377 2110 ¹

314 2157 388 2196 Die
413 2158 585 2206 sequenti
611 2165 730 2195 autern
765 2157 884 2196 multo
922 2156 1040 2197 acrius
1072 2168 1194 2207 pugna
1212 2143 1376 2198 renova-

1313 2237 1378 2277 ta,

303 2309 353 2345 (ι)
374 2310 422 2340 ef.
443 2311 517 2339 sseu.
540 2311 610 2348 Jud.
633 2310 692 2338 111.
715 2319 743 2345 7.
768 2311 792 2347 §.
819 2320 845 2345 3.
