1487 2703
191 155 257 192 128
408 148 1070 194 COMMENTATIO

189 271 300 309 ergo,
339 268 380 297 ut
410 271 664 298 enumeremus
690 261 964 309 proprietates,
986 244 1077 310 ¹vel,
1107 272 1147 301 tit
1172 264 1297 314 perhi-

187 332 274 369 bent
299 331 429 376 multi,
458 331 539 368 talis
564 331 668 379 panis
699 331 998 379 praerogativas,
1038 345 1115 380 quo
1152 334 1294 373 scilicet

186 400 395 440 referuntur
426 401 546 438 vilitas
570 401 700 449 pretii,
739 401 955 447 salubritas,
992 403 1107 451 maJ'or
1131 403 1292 453 albedo,

185 471 411 510 succulentia
433 479 469 507 et
493 482 604 518 sapor
623 478 774 518 gratus,
803 479 948 508 crustae
972 471 1124 509 durities
1149 472 1293 521 minor,

182 541 298 590 maj0r
333 540 569 589 corruptioni
603 540 837 586 resistentia,
866 550 901 579 et
934 542 1036 588 quod
1062 542 1202 581 diutius
1238 554 1296 581 re·

182 621 270 648 cens
309 619 450 649 maneat
487 610 571 660 (1).
647 610 793 648 Retulit
830 611 1153 650 Parmentier
1194 613 1292 651 duos

183 691 322 729 panes,
365 692 524 728 quorum
561 691 657 718 unus
697 692 842 729 semper
878 681 951 718 aeri
990 681 1109 720 libero
1145 682 1295 731 exposi-

185 761 246 790 tus
275 760 375 798 erat,
415 752 568 788 durante
601 750 732 788 itinere
759 752 804 789 ad
843 751 1061 799 Hispaniam
1095 751 1293 801 incorrup-

180 833 239 860 tos
273 821 451 860 mansisse
486 830 521 859 et
565 822 682 858 adhuc
723 830 812 868 post
850 822 975 859 decem
1017 831 1160 859 menses
1205 821 1292 861 usui

180 901 287 940 aptos
342 891 475 930 fuisse.
552 890 752 939 Praecipue
806 890 855 928 ob
902 890 1074 929 duritiem
1124 901 1160 929 et
1209 901 1294 930 cor·

182 961 348 1009 ruptioni
383 960 652 1007 resistentiam,
697 960 841 1009 egregie
874 960 932 998 hic
967 961 1072 1009 panis
1113 961 1291 1001 auxilium

181 1030 308 1071 afferre
340 1040 467 1080 potest
510 1031 547 1068 in
596 1040 761 1068 annonae
795 1030 971 1077 caritate,
1024 1042 1044 1068 e
1079 1029 1290 1070 Cerealium

179 1100 361 1139 messibus
411 1099 638 1148 deperditis,
672 1108 803 1148 ‘atque
846 1099 958 1138 simul
1008 1100 1069 1138 tali
1115 1100 1292 1149 panifica-

181 1170 282 1208 tione
315 1168 522 1219 praecaveri
563 1179 714 1217 potest,
755 1180 802 1206 ne
832 1169 973 1208 Solana
998 1170 1210 1208 catervatim
1234 1181 1292 1208 re·

174 1241 375 1290 j‘tciantur,
427 1239 688 1288 putredinique
734 1248 994 1287 exponantur,
1047 1239 1102 1277 uti
1139 1239 1288 1288 saepius

177 1311 344 1350 fecerunt
359 1338 373 1357 ,
401 1310 522 1348 minus
544 1309 629 1357 quia
649 1320 670 1346 e
691 1319 809 1347 messe
834 1307 1044 1346 abundante
1059 1335 1075 1355 ,
1101 1309 1289 1356 superflua

177 1382 248 1420 dici
282 1390 437 1430 possent
474 1381 612 1420 Solana
648 1378 736 1426 illa,
764 1380 829 1418 sed
854 1389 980 1419 revera
1006 1379 1093 1426 quia
1121 1378 1170 1416 ob
1199 1389 1289 1417 cau·

178 1463 263 1498 sas,
292 1462 384 1499 quas
417 1450 567 1495 nesci0‚
606 1449 728 1486 minus
767 1447 938 1486 studeant
966 1447 1043 1486 frui
1076 1449 1179 1486 omni
1215 1449 1289 1487 uti·

172 1522 300 1568 litate,
356 1532 426 1569 qua
472 1520 646 1558 Solanum
689 1518 897 1556 tuberosum
937 1528 1020 1556 sese
1060 1518 1283 1567 distinguit3

174 1604 256 1630 nam
290 1591 334 1628 ad
377 1591 492 1628 solam
536 1587 830 1638 panificationem
876 1587 964 1626 haec
1001 1587 1173 1626 adstricta
1217 1599 1288 1626 no-

171 1665 233 1708 10,
271 1672 385 1710 quum
419 1669 453 1697 et
482 1658 571 1697 aliae
617 1658 775 1697 existant
810 1656 1013 1704 utilitates,
1052 1656 1106 1695 uti
1142 1657 1287 1696 videbi-

178 1744 275 1771 mus.
1156 1736 1160 1740 ’
1231 1734 1234 1737 ’

228 1805 399 1841 Attamen
435 1809 477 1839 ut
513 1811 659 1848 semper
693 1799 769 1847 fit,
822 1799 928 1838 etiam
962 1798 1078 1847 hujus,
1112 1797 1286 1846 panifica-

176 1871 289 1910 tionis
316 1872 569 1920 deprecatores
597 1869 747 1908 fuerunt
787 1869 921 1917 multi3
948 1867 1152 1906 aliivautem
1179 1878 1287 1916 pror-

1217 1947 1283 1975 sus

213 2027 263 2062 (ι)
282 2027 361 2055 Num
384 2025 477 2054 farina
502 2024 631 2058 vulgaris
654 2022 849 2058 quantitatem
878 2019 982 2057 Amyli
1007 2022 1183 2049 Soranorum
1210 2019 1285 2048 'con-

177 2085 290 2117 tineat‚
324 2084 488 2112 secundum
511 2080 677 2117 Raspail
701 2079 802 2114 detegi
827 2084 930 2114 potest
946 2084 1070 2113 aspectu
1090 2076 1284 2112 crystallino,

175 2141 350 2177 praesertim
376 2149 470 2175 vero,
492 2140 583 2168 oculo
603 2136 731 2172 armato,
752 2144 791 2165 ex
815 2135 882 2164 talis
908 2135 999 2169 amyli
1023 2134 1120 2162 forma
1146 2132 1284 2166 diversa,

175 2207 250 2233 quae
276 2198 392 2232 ovalis,
429 2196 572 2232 gibbosa,
611 2193 817 2229 triangular-iffi
855 2193 924 2221 vide
961 2193 1047 2220 l.·e.
1074 2197 1140 2225 pag.
1161 2197 1210 2227 42.
1248 2186 1285 2218 'eu

175 2263 241 2291 pag.
265 2257 314 2290 ⁶7·

1482 1206 1487 1357 ἐ
