1487 2703
235 248 282 285 63
481 235 1141 280 COMMENTATIO

229 355 323 392 diem
356 351 555 395 obierunt,
583 348 647 385 sed
680 357 798 392 unus,
829 356 936 393 quem
973 344 1191 395 Hyrcanum
1228 346 1352 393 appe*-

233 424 398 467 laverat,
438 417 577 455 diutius
615 416 724 454 vixit.
801 415 899 453 Cum
940 425 1028 452 vero
1073 414 1180 451 etiam
1222 415 1353 452 haecce

234 502 359 535 uxor,
413 490 462 526 ob
510 488 589 536 ejus
633 496 785 531 mores,
840 495 969 532 parum
1006 484 1038 521 ei
1072 485 1257 532 placeret,
1307 484 1352 521 ab

235 561 345 597 hacce
374 558 508 595 iterum
539 555 741 594 divortium
774 554 887 601 fecit,
913 553 1096 600 duxitque
1128 554 1237 601 paulo
1266 561 1355 601 post

236 631 372 674 aliam,
412 638 504 674 quae
545 625 691 672 quidem
729 624 766 661 in
805 624 917 661 Creta
958 623 1166 670 habitabat,
1194 624 1259 661 sed
1293 633 1356 671 ge·

235 709 322 737 nere
356 706 430 735 erat
453 697 615 745 Judaea,
665 693 881 742 parentibus
917 693 1160 731 nobilissimis
1196 701 1280 731 nata
1315 702 1353 730 et

236 767 400 806 omnium
439 766 477 803 in
516 777 555 802 ea
591 765 740 813 regione
784 763 1106 811 splendidissimis.
1172 764 1270 802 Cum
1311 774 1353 802 ea

236 837 345 875 vitam
378 836 442 873 diu
470 834 612 872 felicem
646 833 767 880 vixit,
798 841 834 869 et
866 844 911 870 ex
939 844 980 870 ea
1013 834 1107 871 duos
1136 832 1234 872 filios
1265 845 1355 882 pro-

238 906 394 954 genuit,
442 905 620 954 Justum‚
673 912 763 940 natu
798 902 998 951 niaj0rem‚
1051 911 1088 940 et
1129 902 1350 950 Simonem,

237 975 459 1024 cognomine
491 972 693 1020 Agrippam
724 963 806 1020 (ι).

289 1044 405 1082 Hisce
428 1042 560 1082 diebus
587 1042 794 1089 tranquillis
821 1041 959 1090 incepit
985 1041 1146 1080 scribere
1173 1053 1240 1079 sua
1262 1053 1351 1090 ope-

240 1126 304 1160 ra,
335 1123 370 1151 et
405 1112 553 1160 quidem
589 1111 712 1159 primo
750 1111 866 1149 libros
895 1112 939 1149 de
975 1111 1072 1149 bello
1101 1111 1255 1160 Judaico
1304 1111 1358 1149 lin

241 1195 310 1231 gua
348 1182 555 1229 Hebraica,
582 1182 688 1230 qu'us
725 1182 808 1219 dein
842 1181 964 1219 versio
1000 1182 1140 1220 Graeca
1175 1181 1281 1220 etiam
1315 1181 1355 1220 in

239 1256 358 1291 lucem
401 1251 538 1300 prodiit
566 1251 651 1301 (2).
707 1251 834 1288 Hocce
861 1262 958 1298 opus
986 1251 1215 1299 Vespasiano
1255 1251 1354 1300 ejus-

239 1334 313 1370 que
348 1322 424 1360 filio
454 1321 546 1358 Tito
579 1320 760 1358 dedicavit
794 1328 831 1358 et
863 1319 1028 1365 obtulit,
1083 1321 1147 1368 qui
1176 1320 1267 1359 illud
1286 1320 1353 1359 lu-

237 1393 368 1430 benter
399 1400 619 1439 acceperunt
653 1399 689 1428 et
712 1391 748 1427 in
775 1390 998 1427 bibliotheca
1023 1402 1089 1428 sua
1119 1399 1355 1439 posuerunt,

239 1464 316 1498 imo
354 1461 466 1498 Titus
499 1461 619 1506 illud,
672 1461 819 1498 decreto
852 1472 872 1497 a
905 1471 945 1497 se
980 1460 1064 1508 ipso
1100 1459 1351 1509 subsignato,

236 1531 348 1581 jussit
375 1531 541 1578 vulgari,
570 1539 607 1567 et
639 1541 701 1567 rex
731 1529 897 1578 Agrippa
923 1530 1155 1578 septuaginta
1183 1530 1353 1578 epistolis

239 1602 284 1638 ad
313 1600 518 1649 Josephum
554 1600 702 1647 scriptis
734 1600 765 1637 ei
797 1600 1082 1637 benivolentiam
1108 1612 1210 1638 suam
1244 1608 1355 1638 testa-

239 1677 301 1708 tus
335 1679 392 1707 est
418 1670 501 1718 (3).
570 1670 770 1716 Ceterum,
811 1670 865 1707 uti
903 1670 1091 1708 Eusebius
1125 1678 1275 1718 narrat,
1313 1670 1356 1708 in

239 1740 318 1788 ejus
358 1741 536 1777 honorem
570 1740 662 1776 hanc
698 1740 746 1775 ob
782 1750 926 1777 causam
964 1740 1105 1777 Romae
1144 1749 1264 1779 statua
1295 1748 1353 1779 est

238 1818 355 1846 erecta
382 1809 465 1857 (4).
519 1810 632 1847 Paulo
660 1818 748 1857 pos-t
775 1809 927 1857 scripsit
958 1809 1075 1848 libros
1105 1810 1236 1860 viginti
1270 1811 1351 1850 An-

1303 1883 1358 1920 ti·v

276 1970 327 2008 (ι)
348 1970 395 2000 Cf.
416 1970 446 1997 in
469 1970 531 1998 vita
551 1967 579 2006 ξ.
602 1973 653 2003 75.

275 2028 327 2065 (α)
350 2027 399 2055 Cf.
419 2028 486 2064 Jos.
511 2027 588 2055 Bell.
610 2027 683 2064 Jud.
706 2026 735 2054 in
755 2025 928 2061 prooemio.

275 2087 327 2127 (3)
347 2090 498 2127 Josephus
524 2089 555 2117 in
580 2090 644 2117 vita
669 2091 744 2117 haec
769 2090 875 2118 habet:
900 2085 988 2120 ‹Zaa-s
1009 2083 1172 2129 χαράξεις
1199 2087 1243 2130 τῇ
1268 2086 1354 2122 ἔων.

237 2144 299 2176 τοῦ
316 2144 404 2185 :capi
420 2170 429 2182 ,
446 2145 490 2176 τὰ
506 2143 630 2184 &zema
645 2142 915 2185 ἓημοσιεῠεσθκι,
933 2142 1150 2186 προςέτοιξεν.
1207 2149 1345 2180 Difficilis

234 2204 321 2232 hicce
347 2206 434 2232 locus
461 2204 612 2238 explicatu
640 2212 701 2239 est,
733 2206 786 2232 sed
815 2207 924 2233 eodem
951 2213 1019 2233 eum
1045 2213 1134 2235 sensu
1165 2206 1283 2244 accipio
1311 2215 1347 2236 ac

232 2262 266 2298 J..
295 2260 334 2290 A.
355 2260 524 2295 Fabricius,
548 2261 579 2289 in
606 2261 682 2291 ssibl.
710 2262 815 2291 Grae-c.
840 2262 895 2291 lib.
921 2272 952 2299 4.
978 2271 1008 2292 c.
1032 2264 1061 2292 ὅ.

278 2317 328 2354 (4)
350 2318 399 2347 ef.
425 2318 592 2353 Eusebius,
614 2318 695 2349 Hist.
716 2320 799 2348 Eccl.
826 2320 848 2347 1.
876 2320 898 2348 1.
927 2329 972 2349 ιε.
