1544 2693
306 188 354 223 82
527 180 1193 220 COMMENTATLO

307 301 367 329 tur
411 292 485 328 una
532 291 733 335 eademque
786 289 969 327 sacrorum
1020 288 1197 338 librorum
1253 290 1422 328 versione

308 361 528 404 vernacula,
583 359 626 396 in,
654 368 764 396 cantu
802 359 901 396 sacro
937 360 1011 395 una
1050 359 1271 396 Psalmorum
1314 359 1431 398 lsrae-

308 432 494 469 ‘liticoram
552 428 873 476 interpretatione⁴
915 428 1125 475 rhythmica
1148 455 1168 474 ,-
1222 427 1429 475 iisdemque

309 501 457 549 hymnis
496 498 750 546 Christiani33
782 499 877 535 unde
907 498 1104 545 multiplex
1137 497 1256 535 existit
1288 496 1427 536 utilitas

309 580 344 609 et
383 569 655 609 commoditas:
697 567 824 606 similis
851 567 928 604 fere
969 566 1062 605 ratio
1090 575 1146 604 est
1177 566 1324 613 libelli,
1352 577 1428 614 quo

309 641 403 678 duce
449 638 640 687 religionis
680 638 801 686 capita
855 648 923 683 pro
965 637 1144 680 concione
1174 645 1427 685 exponuntur.

307 711 351 749 In
378 708 531 757 fingulis
566 708 676 753 istis,
719 707 859 754 quippe
889 707 1054 744 humano
1091 705 1209 744 studio
1238 718 1278 744 ac
1301 706 1427 744 labore

308 777 521 824 confectis,
559 778 738 815 nonnulla
779 786 886 815 erunt
925 777 1172 824 emendanda3
1214 788 1342 814 verum
1371 777 1430 814 in-

310 848 455 894 stituti,
486 848 589 895 quod
608 848 824 893 laudamus,
852 857 929 884 non
958 858 998 884 ea
1025 855 1082 884 est
1104 846 1304 893 severitas,
1333 857 1427 894 quae

310 917 576 956 emendationis
617 928 724 954 curas
756 916 967 964 prohibeat.
1020 917 1063 954 In
1104 916 1232 954 multis
1268 915 1428 964 negotiis

312 987 488 1035 Synodus
525 985 672 1033 Belgica
700 995 818 1024 certas
844 985 1075 1033 praescripsit
1101 984 1310 1032 formulas,
1338 996 1427 1032 qua-

310 1068 390 1094 rum
438 1056 524 1095 usus
560 1055 721 1092 liberalis
751 1068 770 1092 a
798 1066 918 1093 rerum
948 1055 1078 1103 peritis
1105 1055 1302 1093 laudatur:
1330 1055 1425 1102 (86)

310 1126 396 1174 quis
423 1125 536 1173 igitur
562 1126 707 1162 damnet
736 1125 890 1163 similem
927 1124 1027 1164 nsum
1057 1125 1199 1171 libelli,
1230 1126 1425 1174 praecipua

311 1196 500 1235 doctrinae
545 1195 777 1233 Christianae
808 1196 957 1242 capita,
1011 1195 1049 1231 in
1089 1194 1252 1234 Ecclefia
1297 1197 1428 1234 nostra

311 1265 431 1313 magni
462 1264 669 1310 aestimata,
697 1263 938 1302 exhibentis?
966 1266 1033 1302 Per
1059 1266 1135 1302 duo
1169 1265 1289 1302 secula
1316 1274 1352 1302 et
1371 1265 1426 1303 di—

311 1334 499 1372 midiatum
533 1335 621 1371 haec
642 1333 807 1372 Ecclesia
834 1346 878 1371 eo
906 1335 999 1372 duce
1032 1333 1229 1372 assuefacta
1257 1343 1338 1383 est;
1369 1335 1428 1383 ip-

309 1398 344 1436 sa
370 1397 430 1436 illa
457 1398 663 1445 Synodus,
693 1409 785 1445 quae
808 1409 904 1435 anno
934 1402 1044 1442 1817.
1082 1398 1175 1436 ritus
1206 1398 1325 1437 sacros
1362 1400 1428 1437 ad·

309 1468 600 1505 ministrantibus
632 1467 804 1505 maiorem
840 1468 969 1514 largita
1010 1477 1066 1504 est
1101 1467 1336 1515 libertatem,
1387 1468 1425 1506 in

313 1537 379 1576 usu
404 1537 644 1576 formularum
677 1538 953 1586 liturgicarum,
984 1549 1094 1584 quam
1132 1547 1236 1576 antea
1262 1539 1307 1575 iis
1342 1538 1425 1576 data

311 1609 456 1655 fuerat,
486 1609 602 1646 nihilo
638 1609 758 1645 minus
793 1619 890 1645 anno
923 1611 1034 1656 1831.
1062 1608 1244 1654 similem,
1271 1608 1363 1654 quin
1390 1617 1426 1646 et

313 1679 490 1716 minorem
516 1678 699 1716 licentiam
718 1679 804 1716 viris
821 1678 1092 1716 venerabilibus
1108 1679 1315 1726 denegavit.
1331 1680 1374 1727 (8
1383 1679 1425 1728 7)

312 1750 433 1798 Quam
469 1749 610 1797 Synodi
649 1748 954 1796 prudentiamne
990 1742 1197 1786 fidelitatem
1234 1760 1309 1786 non
1337 1761 1427 1797 pos-

312 1819 395 1856 sunt
419 1829 495 1855 non
519 1820 666 1856 laudare
683 1847 694 1865 ,
710 1819 773 1866 qui
788 1827 960 1866 reputent
983 1847 995 1865 ,
1017 1828 1180 1866 quantus
1196 1819 1268 1857 hoc
1280 1827 1426 1867 tempo-

312 1900 350 1926 re
365 1888 408 1925 fit
425 1891 623 1925 multorum
642 1898 763 1926 metus
779 1888 940 1925 mutandi
957 1889 1090 1926 veteris
1107 1888 1262 1926 instituti
1279 1918 1291 1936 ,
1310 1901 1426 1937 quan-

312 1968 347 1995 ta
379 1963 443 2002 τῆς
471 1960 681 2007 ἓτεροδοξίκς
708 1957 895 2004 suspicio,
926 1966 1019 2004 quot
1053 1959 1240 1998 σκάνδαλα
1264 1970 1425 2006 praema-

1367 2039 1427 2067 tn-

351 2146 422 2185 (86)
444 2147 534 2177 Conf.
569 2150 687 2177 Gcrh.
712 2157 782 2177 van
803 2149 870 2176 d'er
902 2150 1038 2182 Tuuk,
1070 2152 1105 2178 V.
1138 2151 1214 2177 Ven.
1248 2148 1372 2178 Handb.
1393 2149 1418 2176 1.

312 2210 344 2237 p.
370 2208 762 2240 15⁶,157.137-196.u00.
779 2207 969 2242 Verv01g‚1.
993 2216 1157 2243 221—224.
1199 2213 1229 2234 et
1246 2206 1310 2236 aliis
1337 2206 1425 2235 locis.

350 2256 422 2295 (527)
445 2260 537 2289 Conf.
561 2270 636 2296 quae
656 2263 739 2297 supra
760 2263 1085 2297 commemoravimus,
1108 2271 1172 2297 pag.
1197 2268 1245 2294 2?-

1519 2013 1526 2039 Ἴ

1536 2032 1544 2053 ,Α
1517 1086 1544 1994 Ἢῑ-ἛΜΜ
1540 1620 1544 1649 ..
1514 1306 1519 1310 “
1539 1057 1544 1083 -
1543 915 1544 929 ᾼ

1520 1994 1526 2011 Ρ

1520 2042 1522 2053 Ι

1519 2058 1523 2068 l

1507 2075 1516 2265 l

1499 2271 1515 2533 ,ἶ

1495 2585 1501 2693 f
