1487 2703
0 2690 1 2703 ᾼ
0 2649 1 2677 ᾼᾼ
0 2607 2 2638 -
0 2400 3 2589 ῂ-Α-
0 1874 7 2387 ῃ--ᾑ--ψᾼᾙᾼ-ῇ-κ..

16 2366 23 2374 ι

434 161 947 206 LITERARIA.
1177 182 1248 221 129

176 275 276 315 Illud
301 285 418 323 porro
452 274 759 314 considerandum
796 283 853 314 est
888 277 992 325 quod
1025 288 1139 327 supra
1165 290 1247 318 mo·

124 345 275 385 nuimus
303 344 466 395 Josephi
499 356 610 394 opera
644 345 800 384 maxime
832 357 917 385 esse
954 348 1174 397 interpolata
1203 359 1241 389 et

123 422 314 464 corrupta.
368 413 467 452 Hinc
501 423 599 452 certe
627 416 734 453 multi
769 415 906 454 librarii
945 415 1026 455 sive
1062 420 1239 457 consulto

105 492 159 523 et
184 484 232 523 de
266 483 476 531 industria,
502 492 546 522 ut
565 494 700 533 nempe
736 496 782 523 ex
817 486 899 524 aliis
925 487 1075 535 scriptis
1092 516 1105 536 ,
1131 500 1170 527 v.
1197 501 1235 538 g.

120 566 167 593 ex
197 554 372 594 versione
408 554 655 592 Alexandrina
669 582 685 603 ‚
726 552 937 604 Josephum
975 559 1207 596 emendarent
1223 587 1237 606 ,

115 624 204 663 sive
237 624 349 662 inviti
390 631 569 664 numeros
598 635 640 663 ac
676 625 828 663 nomina
879 633 1146 677 mutaverunt,
1199 638 1237 668 et

115 704 203 733 cum
234 694 306 733 hoc
339 693 379 733 in
420 694 493 732 alio
527 695 608 744 eJus
653 705 759 743 operf
798 705 877 734 non
912 695 1069 736 fecerint
1086 726 1101 747 ,
1151 699 1235 740 inde

117 765 256 807 multae
291 763 558 805 oblocutiones
591 771 711 802 ortae.

161 832 357 883 Quidquid
393 832 510 881 igitur
544 832 661 883 hujus
695 832 748 872 rei
778 833 833 873 sit
848 846 861 873 ε
914 833 1129 887 Josephus,
1172 841 1232 877 uti

110 915 208 944 nunc
240 903 317 951 ejus
358 912 470 952 opera
512 911 689 952 exstant,
723 903 793 942 sibi
823 906 901 955 ipse
940 905 1156 957 obloquitur
1189 911 1232 947 in

109 974 309 1018 nonnullis.
365 971 446 1012 Ubi
476 973 566 1011 haec
595 974 721 1013 locum
759 974 896 1013 habent
919 976 965 1013 ad
999 976 1070 1014 alia
1097 977 1232 1017 auxilia

110 1042 179 1081 erit
217 1040 512 1092 confugiendum
548 1051 585 1080 et
624 1054 669 1083 ex
702 1043 787 1084 aliis
825 1045 1076 1095 scriptoribus
1101 1058 1231 1087 eruen-

111 1113 229 1161 dum,
257 1112 349 1161 quid
386 1111 436 1151 sit
472 1112 655 1163 veritatis.

571 1269 639 1314 .§.
693 1277 732 1315 5.

192 1402 295 1454 Quid
328 1403 619 1443 existimandum
657 1406 706 1444 sit
743 1405 789 1443 de
825 1406 983 1459 Josephi
1022 1412 1135 1450 nimio

297 1496 299 1499 ·
353 1473 566 1513 Gentilibus
606 1475 779 1525 placendi
815 1477 938 1517 studio
951 1482 974 1519 ἓ

154 1607 345 1659 Tempore
381 1620 459 1658 quo
483 1609 616 1660 Judaei
653 1619 766 1658 quam
800 1613 959 1651 maxime
997 1620 1100 1651 erant
1129 1624 1225 1652 con-

101 1679 236 1728 temti,
288 1684 366 1728 quo
414 1679 454 1718 in
499 1679 629 1728 primis
674 1680 810 1720 Graeci
859 1682 1098 1731 Romanique
1138 1683 1222 1722 illos

101 1749 421 1799 aspernabantur,
474 1749 664 1800 Josephus
703 1751 950 1791 Israelitarum
997 1752 1221 1801 historiam,

100 1831 226 1859 mores
259 1828 296 1858 et
330 1820 532 1868 instituta,
570 1821 674 1859 hisce
698 1821 792 1871 ipsis
825 1821 983 1861 Graecis
1019 1823 1223 1862 Romanis-

102 1902 178 1940 que
215 1898 400 1940 exponere
438 1891 590 1942 voluit3
629 1891 681 1929 ita
721 1891 870 1939 quidem
906 1899 949 1929 ut
985 1892 1093 1930 fidem
1130 1903 1222 1930 nan-

99 1960 302 2000 cisceretur
346 1960 445 2010 apud
496 1960 583 1999 illos
605 1988 619 2009 ,
672 1961 740 2010 qui
788 1961 1009 2010 ceteroquin
1067 1963 1220 2011 omnia,

103 2042 199 2080 quae
229 2031 275 2070 ad
303 2030 467 2081 Judaeos
507 2030 772 2080 pertinebant,
817 2033 879 2070 vel
909 2032 953 2069 de
992 2032 1065 2070 illis
1101 2044 1223 2073 narra-

103 2100 264 2148 bantur,
303 2100 520 2140 irridebant.
570 2101 627 2140 Ut
658 2101 731 2140 tale
768 2101 884 2150 igitur
908 2092 1105 2142 consllium
1139 2115 1223 2152 per-

104 2170 256 2218 ficeret,
310 2171 544 2220 aliquatenus
589 2183 672 2210 sese
724 2172 934 2211 Gentilium
979 2173 1222 2221 opinionibus

102 2241 384 2281 accommodare
419 2241 578 2290 debuit3
605 2242 753 2280 illorum
788 2242 978 2289 doctrina,
1006 2242 1151 2280 litterae
1187 2252 1224 2280 et

157 2322 284 2351 norw.
666 2312 684 2351 Ι
1149 2311 1226 2349 his-
