1487 2703
215 169 263 212 64
437 159 1096 203 COMMENTATIO

217 275 261 312 ad
294 273 528 310 donationem
558 268 772 308 necessariis
800 268 887 320 (1).
925 270 1004 308 Imo
1030 270 1225 308 intantum
1247 269 1321 308 hoc

219 355 344 382 verum
374 352 456 388 est,
495 350 561 388 ut,
598 340 765 388 quamvis
804 340 960 378 solverit
984 339 1154 385 debitor,
1186 348 1231 377 ex
1258 337 1322 376 tali

220 413 446 461 obiigatione
483 413 647 448 solutum
682 420 844 459 repetere
876 408 1013 457 possit.
1065 409 1188 447 Solvit
1218 407 1327 446 nimi·

218 494 297 520 rum
333 481 564 527 indebitum,
594 481 695 527 quod
718 479 902 527 accipiens
927 477 1188 525 adversarius,
1215 479 1325 517 tacite

217 552 263 590 ad
292 551 563 589 restitutionem
591 561 632 587 se
659 549 836 598 obligavit
863 549 948 596 (α).
1005 548 1088 586 Nec
1120 555 1248 596 potest
1272 548 1324 585 illi

217 621 331 671 objici
363 622 485 669 regula
521 620 590 658 ista
617 619 710 668 (3):
753 647 783 665 ‚.,
811 619 918 667 cujus
958 629 1023 666 per
1060 629 1220 655 errorem
1252 616 1327 654 dati

218 717 250 738 ‚‚
277 690 450 738 repetitio
482 699 560 735 est,
589 689 667 738 ejiis
704 684 880 726 consulto
916 687 989 725 dati
1021 686 1172 724 donatio
1204 685 1330 734 est,”

218 752 370 811 Quippe
391 772 484 807 quae
511 760 594 808 jure
620 768 750 797 nostro
771 758 871 796 haud
898 768 1042 804 semper
1071 755 1255 805 procedit.
1284 774 1330 787 ο·-

216 831 259 869 In
299 840 448 879 promtu
476 839 594 868 autem
632 839 687 866 est
724 829 816 866 ratio
847 829 958 876 hujus
994 826 1234 864 differentiae.
1273 844 1327 855 ——

212 901 303 951 Jure
334 900 507 938 Romano
544 900 638 937 enim
671 899 872 936 donatione
906 898 989 934 solo
1025 906 1210 933 consensu
1244 906 1329 943 per·

215 969 337 1016 fecta,
383 970 578 1007 traditione
616 968 818 1006 dominium
859 967 912 1004 rei
944 967 1098 1004 donatae
1129 966 1174 1003 ad
1213 965 1329 1003 dona-

214 1039 345 1078 tarium
383 1037 673 1076 transferebatur
697 1037 782 1086 (4).
843 1036 935 1084 Jure
966 1035 1104 1073 codicis
1132 1045 1239 1072 secus
1271 1045 1330 1072 es·

216 1119 255 1146 se
281 1109 427 1157 saepius
463 1108 638 1146 vidimus.

265 1179 453 1217 Praeterea
483 1178 641 1216 debitori
670 1189 714 1215 ex
743 1176 802 1214 tali
831 1175 1108 1219 conventione,
1137 1173 1207 1213 etsi
1232 1172 1328 1211 nihil

215 1248 370 1287 solverit
390 1259 512 1295 neque
534 1248 577 1284 ad
609 1231 826 1284 soloendum
848 1245 1118 1293 conveniatur,
1145 1244 1326 1293 integrum

213 1319 276 1368 jus
311 1318 458 1356 videtur
485 1329 565 1355 esse
594 1317 639 1354 acl
672 1316 851 1365 agendum
883 1315 920 1353 in
951 1315 1014 1360 id,
1041 1323 1084 1352 ut
1117 1313 1190 1352 sibi
1223 1312 1330 1350 resti-

216 1395 342 1426 tuatur
378 1386 619 1436 obligationis
655 1386 810 1432 titulus,
854 1396 962 1431 quem
996 1385 1086 1422 alter
1121 1383 1219 1421 forte
1263 1383 1327 1420 ha·

215 1459 278 1496 bet
305 1459 389 1507 (5).
452 1458 600 1504 Estque
647 1458 717 1493 hoc
756 1456 905 1503 ipsum,
936 1454 1040 1501 quod
1072 1453 1326 1503 obligationem

217 1527 404 1566 condicere
433 1527 604 1565 dicebant
625 1524 892 1575 Jurisconsulti
930 1523 1090 1562 Romani
1116 1524 1203 1572 (6).

257 1685 308 1724 (ι)
328 1687 378 1716 ef.
402 1684 610 1719 Delvinc.,
632 1685 654 1712 1.
676 1685 698 1712 1.
719 1690 782 1718 par.
800 1686 865 1712 118.
906 1682 984 1710 Add.
1004 1680 1128 1709 omnino
1149 1679 1241 1709 verba
1261 1680 1327 1710 Pu-

218 1742 442 1777 remorsu,
463 1751 478 1770 a
496 1742 584 1771 nobis
603 1749 691 1776 supra
709 1742 830 1774 allegata
850 1739 880 1767 in
897 1738 978 1768 notis
992 1738 1048 1773 ad,
1069 1745 1135 1774 pag.
1157 1747 1207 1778 44.
1225 1736 1274 1766 η’.
1294 1747 1325 1768 2.
1348 1748 1351 1750 “

252 1800 304 1838 (2)
324 1800 384 1829 eff.
405 1808 477 1829 ιιι-ιι.
497 1801 533 1828 c.
555 1801 591 1828 C.
611 1805 682 1832 1235
704 1805 735 1826 et
760 1799 830 1832 ¹376
852 1804 938 1831 seqq.

253 1858 306 1892 (3)
328 1856 398 1887 Vixi.
420 1857 497 1885 Lext
519 1865 570 1893 53.
593 1855 624 1884 ff.
646 1856 683 1883 de
708 1855 748 1883 R.
766 1855 796 1891 J.

255 1913 307 1951 (4)
328 1913 398 1942 Vid·
419 1915 448 1950 s.
472 1921 501 1942 2.
524 1913 608 1942 Initt.
628 1913 665 1941 de
685 1913 786 1940 donat.
809 1907 838 1948 §.
859 1920 906 1946 40.
926 1910 1039 1938 ibidem
1061 1911 1098 1938 de
1123 1917 1222 1938 rerum
1247 1907 1328 1937 divi-

219 1971 370 2000 sionibus.

259 2030 311 2066 (5)
332 2028 382 2058 Cf.
405 2029 544 2063 Men-1„
571 2029 674 2064 Quest.
698 2027 732 2054 de
752 2027 855 2062 droit,
877 2027 899 2054 1.
921 2027 944 2054 1.
965 2029 993 2061 ς.
1018 2033 1044 2055 1.
1066 2024 1119 2053 η’.
1146 2026 1184 2054 10!

258 2087 309 2122 (6)
330 2086 402 2115 vid.
426 2087 504 2115 Lex.
522 2087 546 2114 1.
570 2092 616 2120 pr.
638 2084 668 2112 ff.
690 2085 728 2113 de
745 2086 825 2113 cmd
857 2083 922 2112 sine
941 2089 1040 2110 causa.
