1544 2693
281 180 351 224 ,⁸4
497 173 1155 216 COMMENTATIO

279 288 328 323 ita
363 284 398 323 U
418 282 616 327 Ninus,
653 282 762 319 variis
796 281 937 330 scriptis
960 284 997 321 in
1036 286 1152 323 lucem
1190 284 1298 323 editis
1327 287 1393 324 de-

280 355 421 400 fendit,
476 363 552 389 non
593 360 733 388 tantum
771 353 997 390 Cate-chismi
1035 364 1278 399 contextum,
1330 353 1390 393 sed

285 422 390 460 etiam
425 422 632 458 testimonia
657 421 798 457 Sacrae
833 421 1053 470 scripturae
1088 424 1143 461 ad
1167 425 1270 463 illius
1294 435 1397 461 mar-

281 494 402 542 gincm
436 498 634 527 armatam.
668 489 731 537 (c)
770 492 824 527 Ac
855 491 1024 538 profecto
1063 493 1194 531 horum
1233 493 1398 531 delectus

287 562 582 600 testimoniorum
612 560 821 598 clar-issimis
853 560 1082 610 Theologis‚
1120 564 1161 599 ea
1189 571 1304 600 aetate
1329 562 1401 601 flo-

276 631 453 671 rentibus
470 659 483 677 ‚
507 629 596 667 mihi
623 631 757 679 dignus
785 629 946 669 videtur.
1000 632 1091 669 Non
1118 642 1213 681 nego
1230 659 1243 677 ‚
1271 631 1310 669 in
1325 631 1402 669 edi·

287 702 433 748 tiones,
476 712 570 748 quae
611 701 894 739 innumerabiles
934 701 1022 740 alias
1061 701 1150 739 aliae
1190 701 1401 740 subsecutae

287 770 406 817 sunt,
451 770 549 808 illata
587 771 662 808 esse
700 771 878 809 librorum
916 771 1126 810 divinorum
1167 773 1248 810 loca
1278 772 1401 810 minus

288 842 506 887 commoda,
539 853 601 878 aut
639 840 822 889 irrepfisse
848 851 1024 890 typorum
1059 842 1167 881 vitia:
1219 842 1279 880 sed
1303 853 1401 880 neu-

290 910 382 947 trius
402 910 453 946 rei
479 911 624 956 culpam
653 910 689 947 in
714 911 938 949 catechismi
965 912 1178 958 Scriptores
1207 912 1282 949 esse
1312 922 1404 949 con·

289 977 511 1025 iiciendam,
539 979 633 1016 idem
670 979 864 1026 profiteor.
906 979 977 1027 (d)
1028 980 1211 1033 Nonnulli
1251 992 1404 1028 quoque

288 1059 429 1085 errores
465 1059 509 1085 ex
538 1060 581 1085 eo
608 1047 696 1085 oriri
721 1058 949 1096 potuerunt,
980 1050 1081 1095 quod
1101 1061 1177 1087 non
1200 1049 1266 1088 nisi
1292 1053 1402 1102 capi—

290 1127 369 1160 ium
416 1118 560 1156 numeri
596 1118 633 1155 in
670 1118 895 1156 editionibus
934 1119 1063 1166 primis
1112 1118 1230 1157 essent
1267 1121 1403 1160 notati.

288 1187 522 1235 Quamquam
565 1187 661 1225 enim
703 1188 739 1225 R
754 1199 776 1224 o
790 1188 827 1226 b.
871 1188 893 1225 S
911 1196 955 1225 te
970 1201 992 1237 p
1008 1189 1030 1225 h
1045 1199 1098 1225 an
1113 1201 1135 1227 u
1148 1201 1166 1227 s
1204 1188 1287 1227 iam».
1306 1200 1404 1228 anno

296 1268 404 1304 1551.
432 1257 470 1294 in
498 1257 646 1295 Novum
683 1258 950 1295 Testamentum
969 1287 982 1303 .,
1007 1272 1089 1296 cum
1122 1258 1263 1309 duplici
1286 1262 1405 1298 inter„

286 1328 495 1377 pretatione
511 1327 667 1365 Erasmi
684 1337 720 1366 et
746 1331 877 1367 veteris
892 1331 1109 1379 interpretis
1132 1331 1273 1377 vngati
1287 1359 1299 1377 ‚
1321 1341 1405 1369 νεν,

284 1398 440 1453 ficudas,
491 1397 556 1445 qui
589 1397 791 1444 dicuntur,
831 1398 1044 1445 invexerat,
1085 1399 1122 1435 hi
1158 1408 1277 1436 tamen
1320 1411 1398 1437 non

292 1467 488 1505 confestim
514 1466 579 1504 usu
601 1468 788 1504 communi
822 1467 906 1505 sunt
941 1468 1093 1515 recepti.
1147 1468 1248 1516 Ipsae
1270 1469 1402 1507 editio·

293 1548 359 1575 nes
381 1537 620 1584 stephanicae
636 1565 648 1581 .,
665 1536 799 1573 minori
821 1535 940 1575 forma
968 1537 1074 1574 annis
1105 1540 1199 1585 1568
1227 1548 1260 1575 et
1289 1541 1401 1588 1569.

295 1608 437 1654 editae,
464 1607 619 1644 aliorum
646 1605 751 1644 etiam
779 1607 999 1644 recentiores
1020 1618 1066 1645 ne
1089 1619 1371 1646 commemorem
1390 1638 1403 1656 ‚

294 1688 361 1715 eos
394 1687 470 1715 non
507 1677 696 1715 exhibent.
751 1676 838 1726 Quo
862 1685 980 1714 autem
1017 1688 1112 1715 anno
1143 1678 1204 1715 isti
1237 1679 1407 1729 vcrstculi

294 1748 332 1785 in
361 1748 596 1787 Catechismo
636 1747 799 1786 Palatino
839 1757 995 1795 primum
1038 1746 1176 1785 fuerint
1219 1748 1404 1797 expresfi,

1340 1819 1406 1857 mi-

332 1913 382 1949 (ε)
404 1914 495 1942 cons.
526 1913 682 1948 Responsio
702 1914 739 1940 ad
770 1913 982 1949 Theologorum
1013 1914 1199 1949 quorundam
1225 1915 1257 1941 in
1282 1915 1403 1943 vicinid

295 1969 458 2004 censuram
470 1989 479 2004 ‚
494 1979 520 1998 a.
536 1971 620 2007 1564.
633 1970 811 1998 Germanice
822 1969 1068 2004 scripta‚deinde
1085 1970 1115 1998 in
1127 1970 1259 1999 Latinam
1275 1970 1406 2006 linguam

292 2028 427 2056 traducta
448 2035 478 2056 et
497 2027 607 2055 inserta
630 2029 759 2063 operum
781 2027 921 2056 Ursini
945 2028 1015 2056 Vol.
1038 2028 1076 2056 11.
1099 2029 1163 2057 col.
1191 2029 1316 2064 59—76.

329 2084 382 2122 (d)
403 2085 499 2114 Recte
520 2085 771 2120 Koecherus,
792 2084 846 2113 lib.
865 2086 888 2115 1.
906 2093 973 2120 pag,
998 2089 1061 2114 280.
1103 2085 1139 2112 In
1164 2087 1309 2122 zommfge
1335 2087 1403 2113 Uie-

291 2151 408 2176 gaayen
428 2141 503 2170 vind
521 2150 584 2172 men
601 2150 692 2168 tenen
711 2148 873 2177 grooteren
890 2142 1129 2176 voorraad‚ook
1144 2150 1213 2169 eene
1242 2144 1405 2171 nauwkeu-

294 2199 394 2231 figere
416 2198 604 2233 Aanw5zt'rg
625 2218 637 2233 ‚
667 2199 720 2224 dnr
742 2199 1098 2235 Schriftnurplaatzen,
1128 2200 1177 2227 die
1206 2207 1255 2227 tcn
1287 2203 1402 2237 bewyza

294 2254 347 2284 usar*
368 2254 565 2282 *maiomenis
595 2256 709 2284 ωηὲψγ.»
741 2257 908 2292 iij-gebragt
935 2257 1076 2292 worden,
1098 2258 1154 2284 dan
1177 2260 1207 2284 in
1241 2258 1383 2286 anderen.
