1487 2703
421 142 1016 182 THEOLOGICA.
1195 146 1266 189 267

165 254 292 301 specie
313 253 461 302 ‚opponi
499 262 649 302 queant.
702 252 826 291 Unum
865 252 1053 300 quaeritur
1080 251 1133 289 ,in
1169 263 1270 300 resp.

165 328 226 370 ὃς).
252 324 356 371 quod
381 323 520 362 diluere
556 322 786 370 studuimus,
813 332 900 370 pag.
930 325 1147 370 231—238.
1199 318 1269 365 Al-

165 405 286 438 terum
306 394 343 431 in
366 406 430 441 qu.
459 402 495 431 ct
527 405 627 442 resp.
658 405 721 443 30.
748 392 812 430 ubi
840 392 877 430 in
902 403 992 439 eos,
1010 394 1086 442 ‚qui
1114 402 1139 429 a
1159 391 1274 437 sanc-

169 465 242 509 tis,
273 476 318 507 ,a
348 464 390 510 sc
426 472 493 501 aut
529 462 708 510 aliunde,
750 463 975 511 felicitatem
1021 470 1088 499 aut
1117 460 1277 508 salutem

167 542 380 582 quaerunt,
412 533 641 581 respondens
671 534 720 571 ita
753 533 971 578 invehitur,
999 541 1042 569 ut
1063 531 1180 577 dicat,
1214 543 1278 568 eos

166 605 208 651 in
236 605 385 649 unicum
417 604 652 642 servatorem
675 602 793 650 Iesum
820 615 890 640 non
919 600 1068 640 credere
1084 629 1097 648 ‚
1124 614 1253 640 verum
1266 629 1278 647 ‚

168 672 232 720 ctst
267 673 374 719 verbo
411 672 554 722 quidem
592 685 630 710 eo
665 672 911 721 gloriantur,
966 684 1007 708 rc
1044 670 1124 722 ipsa
1160 680 1284 708 tamen

172 753 253 785 eum
278 742 493 790 -abnegare,
558 741 655 788 Sed,
696 751 743 778 ne
784 750 972 789 repetam,
1026 751 1119 787 quae
1151 742 1194 779 de
1229 753 1285 778 re-

173 809 387 858 spondentis
433 819 582 856 mente,
609 820 693 858 pag.
727 812 817 858 165.
855 822 941 849 ann.
977 824 1003 848 a
1043 811 1216 859 conieci,
1246 811 1284 848 iu

173 879 232 917 his
272 881 480 928 horumque
514 880 692 919 fimilibus
735 880 871 929 dictis,
923 881 1043 920 sancta
1077 882 1188 920 animi
1229 883 1286 919 in·

172 949 357 998 dignantis
390 949 591 988 concitatio
629 950 821 999 spectanda
854 960 937 998 est,
967 963 1075 998 quam
1102 953 1282 990 maiorem

172 1018 278 1058 etiam
307 1019 343 1057 in
375 1022 520 1058 modum
562 1020 889 1059 animadvertimus
918 1021 954 1058 in
985 1023 1154 1060 Paullo
1181 1023 1288 1070 Apo-

174 1089 296 1137 stolo,
326 1090 411 1129 Gal.
442 1092 471 1128 l:
503 1093 554 1138 6,
584 1101 623 1139 7.
649 1091 698 1129 II:
732 1102 792 1131 11.
820 1091 886 1129 111:
912 1103 1027 1139 1—4.
1054 1092 1123 1132 IV:
1142 1103 1201 1131 ιι.
1221 1097 1282 1131 16.

177 1162 227 1200 V:
257 1174 295 1209 7.
329 1173 388 1198 ιο.
429 1172 475 1198 ne
507 1161 675 1210 graviora
710 1171 995 1199 commemorem
1030 1162 1152 1207 dicta,
1200 1174 1285 1201 cum

176 1230 289 1268 huius
322 1230 529 1278 Apostoli,
576 1243 590 1268 1
629 1232 725 1269 Cor.
752 1230 856 1269 XVI:
887 1244 950 1270 22.
992 1232 1080 1270 Gal.
1109 1233 1139 1270 1:
1170 1234 1218 1278 8,
1246 1245 1284 1281 9.

177 1301 228 1339 V:
261 1312 320 1338 12.
351 1309 428 1338 tum
459 1301 584 1348 Petri,
613 1301 701 1338 Act.
730 1301 834 1339 VIII:
864 1314 1033 1350 ,το-93.
1089 1303 1285 1350 Tertium,

175 1382 196 1407 e
225 1382 300 1419 quo
334 1371 558 1409 Catechismi
586 1372 854 1409 obtrectatores
879 1371 1064 1419 efficiunt,
1092 1373 1288 1422 scriptores

177 1440 256 1479 eius
279 1442 404 1479 odium
429 1450 464 1478 et
489 1441 671 1480 vindictae
694 1441 853 1480 studium
877 1441 1089 1490 patefecisse
1104 1471 1117 1489 ‚
1146 1427 1289 1491 quaer}-

179 1521 239 1548 tur
267 1511 304 1549 in
334 1523 433 1559 resp.
463 1524 527 1558 52.
554 1511 592 1548 in
627 1512 700 1558 qua
732 1511 972 1550 Christianus
999 1512 1219 1551 miseriarum
1254 1523 1292 1551 et

183 1581 417 1620 vexationum
460 1582 693 1618 toleratarum
732 1581 1070 1629 consolationems
1091 1594 1111 1619 e
1147 1582 1289 1630 sperato

181 1651 322 1690 Christi
364 1651 482 1690 reditu
519 1653 563 1689 ad
604 1651 834 1689 iudicandum
876 1652 1174 1701 percipiendam,
1225 1653 1290 1696 ⁴his

180 1721 378 1769 profitetur
417 1721 565 1760 verbis:
619 1721 774 1759 iudicem
804 1735 823 1759 e
857 1723 952 1761 coelo
987 1722 1173 1773 exspecto,
1225 1727 1292 1774 qm·

180 1804 297 1833 omnes
317 1792 404 1838 suos
439 1801 487 1830 et.
511 1804 602 1830 meos
642 1792 756 1830 hostes
788 1795 829 1830 in
865 1801 1037 1832 aeternas
1066 1803 1200 1844 poenas
1223 1796 1288 1832 ab·

179 1863 310 1908 ficiat,
350 1869 442 1900 caet.
506 1857 579 1899 Sed
613 1860 817 1909 falluntur,
857 1862 1145 1910 quicunquein
1182 1865 1288 1904 istam

180 1930 389 1969 sententiam
426 1931 713 1979 interpretantur
743 1932 839 1974 dicta
873 1933 1035 1971 hominis
1059 1934 1290 1982 Christiani,

184 2002 249 2050 qui
276 2002 464 2041 inducitur
487 2001 698 2050 profitens,
727 2003 849 2041 Deum
882 2002 992 2050 odisse
1015 2006 1141 2052 iram,
1168 2006 1289 2045 odium

183 2081 217 2110 ει
243 2072 429 2111 vindictae
458 2071 722 2124 cupiditatem,
761 2084 860 2122 resp.
894 2076 978 2114 106.
1006 2086 1047 2112 ac
1068 2077 1287 2125 postulare,

177 2147 226 2181 'ut
255 2145 469 2195 proximum
496 2152 610 2194 aeque
632 2157 677 2181 ac
698 2155 760 2182 nos
784 2143 874 2194 ipfhs
905 2143 1133 2194 diligamus;
1160 2146 1290 2197 huma-

190 2215 333 2262 nitate,
386 2212 663 2260 manfitebudim
680 2241 692 2260 ‚
739 2213 930 2263 patienst'a‘
962 2223 997 2252 et
1035 2214 1292 2260 mis'crf'corfiai

1232 2299 1290 2323 er-
