1544 2693
519 178 901 227 ORATIO.
1220 180 1273 224 [21

153 317 522 363 commemoranda
563 316 677 360 dedit
714 314 914 359 beneficia
951 313 1101 356 divina.
1166 313 1267 357 Tibi

153 402 258 447 haec
288 409 458 461 accepta
486 402 648 453 refero,
674 400 788 444 Deus
819 399 870 443 Ο.
896 398 967 441 M!
1030 397 1093 441 Te
1131 404 1268 441 stato-

153 501 243 532 rem
278 494 318 531 et
352 485 554 531 vindicem
591 483 842 528 Academiae
882 489 1063 525 nostrae
1092 495 1270 526 venera-

152 573 268 615 mur!
330 570 429 614 Tibi
459 570 511 613 sit
541 570 654 612 laus!

156 780 160 783 .
214 738 312 782 Fuit
347 738 455 781 enim
487 736 591 779 haec
620 733 744 778 nobis
770 732 951 776 laetandi
978 745 1124 784 causa,
1157 731 1272 788 quod

153 821 357 881 optimum
393 821 624 877 .Regem
668 817 793 862 nobis
836 816 1097 861 conservavit
1139 816 1268 859 Deus.

153 905 443 951 Valetudinem
474 905 545 948 llle
577 903 778 954 restituit,
822 901 875 945 ad
914 907 1122 954 mortem,
1156 899 1271 957 quod

153 989 365 1034 metuebat
395 989 564 1041 Patria,
594 987 787 1031 afflictam
814 985 1080 1043 Principis
1109 984 1272 1028 Arau-

151 1073 281 1119 siaci
295 1103 307 1125 ,
322 1073 513 1130 juvenum
537 1078 775 1115 nostrorum
789 1071 844 1118 ,in
865 1069 1011 1114 castris
1027 1067 1144 1111 ducis
1161 1067 1269 1111 fide-

152 1156 317 1210 lissimi,
350 1156 402 1200 de
442 1170 525 1212 quo
567 1163 606 1199 et
632 1156 716 1215 ipsi
743 1154 800 1198 illi
823 1154 977 1213 gratias
1003 1159 1131 1210 agunt
1161 1152 1268 1197 Deo.

210 1327 360 1372 Salvos
402 1328 662 1387 suspitesque
702 1327 911 1369 intuemur
952 1322 1270 1373 Curatores,

154 1412 278 1457 Viros
293 1412 607 1471 Amplissimos,
628 1411 878 1466 illorumque
901 1405 1156 1466 Graphiario
1175 1420 1269 1448 res-

151 1497 314 1540 titutam
342 1510 431 1540 esse
460 1496 687 1554 gaudemus
720 1493 1020 1546 valetudine1n3
1073 1490 1144 1547 qui
1172 1489 1271 1546 qui-

153 1581 247 1625 dem
291 1595 376 1637 quo
413 1579 496 1623 sint
534 1578 854 1634 studiokrerum
892 1575 1265 1627 Academicarum,

151 1679 245 1708 cum
293 1663 383 1707 aliis
423 1662 658 1706 docuerunt
698 1660 986 1712 documentis,
1047 1666 1134 1703 tum
1175 1659 1267 1718 ipse

150 1756 345 1808 expertus
390 1763 481 1791 sum
522 1755 560 1790 et
603 1760 766 1789 mecum
797 1744 1017 1803 Collegae,
1046 1758 1130 1801 quo
1157 1747 1272 1787 tem'-

149 1848 254 1892 pore
298 1833 416 1892 ipsos
470 1832 667 1876 sollicitos
721 1829 898 1875 vidimus
949 1845 997 1873 ea
1048 1829 1269 1873 nobiscum

149 1925 309 1964 mature
339 1916 585 1968 ordinandi,
618 1929 797 1972 quorum
834 1913 1164 1973 procrastinatio
1197 1913 1268 1957 fu-

149 2010 246 2048 turo
275 2001 469 2046 Jubilaeo
504 2000 756 2046 celebrando
790 2000 971 2043 obesset.
1033 1999 1082 2042 In
1113 1998 1265 2056 quibus

152 2088 313 2140 Tuum,
345 2085 609 2145 Amplissime
636 2085 757 2129 huius
783 2084 943 2130 Urbis
977 2084 1191 2128 Consul!
1223 2083 1266 2126 in

151 2187 218 2216 res
257 2171 533 2216 Academicas
572 2171 767 2215 ardorem
799 2170 935 2214 denuo
968 2169 1264 2227 cognovimus,

151 2254 350 2312 eligendis
383 2254 577 2312 delegatis
616 2269 636 2297 e
674 2253 922 2312 Magistratu
959 2254 1152 2309 urbano5
1184 2254 1266 2297 do-
