1487 2703
224 157 269 192 28
441 150 1105 191 COMMENTATIO

224 276 303 301 sum
358 261 494 309 insigni
530 259 642 306 copia
678 258 814 296 colitur
855 268 891 295 et
935 260 1170 308 praecipuum
1220 261 1327 300 inco·

225 333 340 369 larum
369 330 632 369 nutrimentum
665 327 777 365 sistit.
801 326 869 374 (1)

265 401 380 450 Quod
415 398 648 438 Germaniam
687 397 844 442 attinet,
895 398 1106 435 monuimus
1155 398 1333 438 Bauhi-

217 482 351 516 num,
381 471 524 516 plantae
563 468 708 505 iconem
747 479 766 504 a
806 467 1081 504 Scholtzio
1120 469 1330 517 accepisse,

219 550 256 578 et
295 540 423 577 tubera
453 539 498 576 ad
533 537 772 577 Clusium
812 536 985 582 venisse,
1013 537 1099 574 dum
1130 537 1192 575 ille
1220 538 1335 576 Vien-

215 622 284 647 nae
309 617 531 646 versaretur.
589 606 799 654 Scriptores
830 607 1053 643 recentiores
1080 607 1330 646 exhibuerunt

211 679 349 715 Solana
385 678 530 715 demum
577 673 645 714 A‘’.
689 687 786 723 1710
829 675 971 714 fructus
1008 677 1188 715 culinares
1228 679 1332 716 cerni

214 747 411 794 coepisse,
463 746 601 793 quibus
642 757 730 782 vero
766 745 958 783 hominum
993 747 1121 785 classis
1166 747 1336 795 superior

217 827 358 854 tantum
379 816 572 861 utebatur,
600 815 664 853 ΑΟ.
702 817 799 862 1760
824 827 915 853 usus
940 815 1055 865 magis
1087 817 1234 864 quidem
1263 816 1336 855 dif-

222 886 477 933 fundebatur,
506 896 651 933 semper
678 895 797 922 tamen
825 887 1008 924 culturam
1042 885 1242 933 majorem,
1270 887 1336 924 ali-

219 957 310 1003 quid
330 955 484 994 inauditi
502 984 514 1001 ,
530 955 603 992 imo
631 954 792 1002 perversi
813 955 1084 1002 incongruique
1108 956 1339 1004 (ausschwei-

214 1025 335 1075 femi²
365 1024 654 1075 ungebuhrend)
681 1024 957 1072 exclamabant3
999 1035 1121 1072 neque
1150 1026 1338 1073 vulgatior

221 1095 337 1134 evasit
365 1097 452 1133 haec
489 1096 658 1141 cultura,
698 1104 893 1143 antequam
926 1107 1182 1143 1771-—1772
1221 1107 1342 1134 cerea·

225 1166 316 1204 lium
351 1165 464 1203 messe
503 1165 596 1202 male
641 1167 814 1203 successa
852 1166 911 1202 vel
957 1164 1034 1202 fere
1077 1166 1266 1213 deperdita
1305 1175 1342 1204 et

227 1234 322 1273 fame
350 1246 425 1272 eam
454 1244 608 1282 propter
643 1234 804 1280 oborta,
834 1235 1035 1272 docuerant
1073 1235 1249 1273 solanum
1283 1244 1343 1274 tu·

222 1306 380 1343 berosum
425 1304 690 1342 nutrimentum
734 1304 907 1341 exhibere
951 1315 1088 1352 posse,
1155 1305 1240 1352 pani
1285 1317 1342 1342 ae-

229 1376 524 1422 quiparandum;
589 1374 720 1410 haecce
770 1374 868 1420 apud
907 1373 1074 1412 Thaer
1124 1385 1340 1413 occurrunt.

229 1445 391 1484 Dunal
435 1452 554 1483 autem
597 1451 754 1480 testatus
790 1452 867 1487 est,
922 1443 1097 1480 solanum
1134 1444 1340 1483 tuberosum

230 1515 300 1552 Ao.
334 1524 430 1562 ¹7¹4
456 1522 491 1550 et
533 1524 628 1559 1724
653 1524 718 1560 per
745 1512 909 1550 Sueciam
939 1521 974 1550 et
1002 1513 1240 1552 Palatinatum
1266 1517 1342 1554 dis-

234 1595 383 1632 persum
417 1584 489 1632 jam
528 1581 662 1619 fuisse.

282 1654 324 1692 In
347 1665 391 1690 eo
418 1653 561 1691 tandem
591 1653 635 1689 ab
661 1652 762 1689 hisce
786 1652 939 1690 discedit
961 1654 1179 1691 Putsche
1196 1681 1209 1700 ,
1238 1656 1340 1702 quod

238 1724 407 1764 statuerit
437 1751 449 1770 ‚
499 1723 675 1761 Solanum
725 1722 932 1760 tuberosum
972 1724 1009 1761 in
1040 1723 1237 1762 Germania
1269 1726 1341 1763 Ass.

237 1796 334 1843 1650
356 1794 501 1831 demum
528 1791 761 1839 innotuisse,
789 1792 959 1839 quamvis
981 1793 1018 1831 in
1038 1796 1223 1842 opusculo
1246 1807 1343 1842 quo-

236 1865 347 1908 dam,
385 1864 453 1901 A0.
483 1865 582 1901 1602
611 1863 902 1912 Wittenbergiac
937 1864 1059 1909 edito,
1103 1876 1341 1904 memoratum
1379 1851 1382 1855 Δ

233 1932 474 1971 inveniretur.
528 1931 663 1969 Monet
690 1943 803 1979 porro
840 1934 932 1970 idem
959 1934 1213 1979 putsche,
1240 1937 1346 1974 Sola-

1294 2019 1345 2044 na

274 2117 327 2154 (t)
347 2118 396 2147 Cf.
417 2121 464 2147 W.
486 2118 521 2146 Χ.
543 2118 707 2152 Jansen,
731 2119 849 2145 Reizen
871 2118 942 2144 door
967 2119 1105 2151 Imlien,
1134 2120 1228 2152 Leyd·
1262 2127 1346 2154 1793·

240 2175 278 2201 D.
299 2175 320 2201 1.
342 2182 407 2208 pag.
429 2180 485 2209 239
505 2182 534 2201 et
558 2173 738 2202 William
761 2176 889 2210 Coxe,
905 2176 1023 2202 Ret'zen
1042 2175 1112 2202 door
1136 2177 1352 2212 Swa‘tserland,

240 2231 365 2259 Utrecht
390 2239 426 2259 en
448 2232 642 2264 Rouerdam,
669 2238 753 2266 ¹792·
777 2233 813 2260 D.
835 2233 858 2262 1,
881 2232 932 2262 2110
954 2232 1050 2266 snat,
1072 2227 1228 2269 pag.²¹577.
