1544 2693
458 179 1067 220 THEOLOGICA.·
1247 192 1296 229 47

341 544 436 583 Alia
458 545 628 595 instituta
647 556 729 581 cum
754 552 876 582 nostro
901 552 1135 594 comparata.

238 725 429 763 Hactenus
456 722 667 771 fimpliciter
691 721 924 759 laudavimus
960 721 1199 770 institutum,
1227 724 1304 771 quo

185 795 327 843 int-egra
360 793 526 831 doctrina
561 791 806 838 Christiana,
847 791 999 829 definito
1040 791 1169 840 aliquo
1209 793 1309 833 ordi-

189 859 262 911 ne,
283 875 389 912 vpro
413 862 598 900 concione
640 861 853 910 exponitur.
922 862 1028 911 Quae
1065 851 1227 902 laudatio
1261 873 1308 902 ne

184 933 352 972 videatur
373 933 510 971 iniusta
534 941 596 970 aut
629 931 867 969 immoderata
884 959 897 976 2
924 943 990 980 age
1006 960 1019 979 ,
1046 939 1304 982 comparemus
1330 969 1332 973 ,

183 1014 268 1040 curn
295 1011 426 1041 nostro
451 1003 629 1040 nonnulla
655 1002 721 1040 alia
758 1001 922 1040 instituta
950 1002 1143 1041 laudabilia
1160 1031 1173 1050 ,
1201 1011 1302 1042 certe

188 1084 264 1111 non
297 1072 448 1121 prorsus
471 1072 727 1121 vituperanda.

235 1143 279 1181 In
304 1143 432 1181 multis
456 1142 738 1182 Protestantium
765 1142 923 1181 ecclesiis
942 1172 955 1191 ‚
983 1142 1134 1192 lingulis
1171 1144 1304 1183 diebus

184 1214 295 1253 festis
321 1222 358 1252 et
378 1212 602 1260 dominicis,
630 1225 699 1261 pro
726 1214 908 1251 concione
931 1214 1077 1251 tractari
1104 1215 1227 1252 solent
1243 1226 1309 1264 pe·

186 1284 334 1331 ricopae
367 1283 599 1331 euangelicae
638 1293 675 1321 et
713 1284 952 1332 epistolicae,
994 1296 1088 1333 quae
1121 1296 1141 1323 a
1181 1285 1309 1324 multis

189 1355 274 1393 inde
295 1353 425 1393 seculis
454 1354 492 1391 in
515 1353 680 1392 Ecclesia
697 1354 866 1392 Romana
891 1352 996 1392 fuere
1027 1364 1210 1404 receptae.
1263 1356 1308 1395 In

187 1426 247 1463 his
280 1436 356 1462 non
391 1423 527 1473 paucae
557 1425 650 1462 ‘sunt
677 1427 878 1473 prudenter
907 1425 1087 1472 selectae,
1115 1426 1206 1464 aliae
1238 1425 1308 1464 mi·

186 1506 257 1533 nus
297 1496 528 1533 commodae.
582 1496 797 1533 Nonnullae
823 1495 994 1544 singulari
1019 1507 1106 1534 cura
1126 1508 1306 1545 perquam

185 1567 316 1615 dignae
341 1565 459 1603 nihilo
489 1565 611 1603 minus
636 1567 822 1614 neglectae
847 1567 958 1606 sunt:
997 1569 1085 1605 aliae
1117 1578 1195 1606 non
1229 1576 1305 1606 tam

185 1635 396 1674 fructuosae
421 1636 529 1673 semel
550 1644 663 1683 atque
685 1634 818 1674 iterum
841 1636 1098 1685 praescriptae.
1152 1638 1306 1676 Doctri-

185 1717 253 1744 nae
278 1705 510 1745 Christianae
544 1715 665 1753 partes
698 1706 786 1744 aliae
827 1707 1094 1756 frequentius,
1136 1708 1226 1746 aliae
1250 1720 1306 1749 ra-

181 1776 258 1814 rius
272 1799 293 1821 ‚»
311 1777 349 1814 in
376 1776 433 1814 his
457 1777 644 1825 pericopis
662 1787 880 1817 occurrunt.
925 1778 1047 1817 Series
1069 1789 1307 1829 argumento-

185 1858 267 1884 rum
295 1844 510 1885 continuata
545 1849 652 1896 plane
686 1847 919 1887 defideratur.
975 1849 1045 1888 His
1075 1851 1233 1899 aliisque
1259 1853 1306 1890 de

185 1916 308 1953 causis
348 1916 484 1954 factum
527 1926 613 1964 est,
643 1926 684 1955 ut
710 1918 860 1966 plurimi
899 1919 1109 1957 Homiletae
1144 1932 1164 1958 e
1200 1932 1305 1969 prae·

125 1998 133 2034 ⁴.
185 1986 291 2023 lectis
320 1986 507 2035 pericopis
550 1999 627 2025 non
653 2000 733 2026 raro
766 1999 979 2038 argumenta
1014 1990 1158 2028 dicendi
1181 1990 1306 2029 extOr·

190 2064 326 2102 queant
351 2067 371 2093 a
398 2065 498 2094 textu
523 2058 673 2105 prorsus
696 2060 810 2096 aliena
825 2089 837 2107 ,
857 2059 917 2097 alii
936 2072 994 2098 eas
1016 2060 1170 2098 omnino
1195 2073 1306 2111 repu-

185 2125 313 2172 dient,
342 2128 401 2164 alii
438 2138 535 2166 nove
560 2129 738 2175 quaesitas
770 2130 808 2167 in
830 2138 994 2168 veterum
1025 2132 1149 2169 locum
1173 2131 1306 2170 substi-

187 2203 305 2233 tuant.
359 2197 553 2246 Quicquid
585 2211 671 2237 vero
696 2199 828 2238 statuas
856 2202 900 2238 de
928 2202 1063 2240 veteris
1101 2202 1211 2241 istius
1247 2203 1304 2241 in·

188 2264 301 2302 stituti
325 2267 488 2305 bonitate
503 2297 514 2315 ‚
530 2278 627 2306 certe
654 2271 684 2306 ci
712 2270 991 2318 praeferendum
1015 2273 1081 2310 erit
1104 2282 1299 2319 nostrum,

1221 2355 1245 2391 q
1251 2356 1298 2382 uo
