1487 2703
475 118 908 199 JURIDICCA.
1183 131 1249 200 '17

143 261 248 309 gulas
288 261 606 310 praescripserunt
643 261 728 312 (1).
799 262 889 312 Jure
920 261 1032 300 veteri
1069 260 1247 301 Francico

144 330 219 368 hoc
255 342 439 370 summum
483 341 557 369 erat
595 331 845 381 principium,
897 331 1060 380 majores,
1095 339 1250 379 propter
1300 347 1305 352 ·

143 400 340 439 laesionem
370 412 447 439 non
476 401 642 448 restitui,
678 401 751 438 nisi
773 400 886 438 fuerit
913 401 1100 446 enormis,
1130 399 1249 448 qualis

140 470 367 519 habebatur,
392 471 425 509 si
448 472 635 510 dimidium
659 471 767 519 pretii
790 472 1001 517 excederet,
1029 469 1141 508 salvis
1157 480 1252 507 non·

141 542 254 580 nullis
289 542 567 589 contractibus,
606 551 759 589 propter
800 552 896 588 quos
928 540 1117 578 restitutio
1157 551 1252 578 sem-

142 623 209 659 per
247 612 518 660 denegabatur3
564 612 723 650 minores
754 623 844 650 vero
872 619 1026 659 propter
1052 611 1252 649 laesionem

143 682 450 728 qualemcumque
486 692 689 729 omnesque
726 690 937 719 contractus
966 681 1049 730 (2).
1077 703 1133 712 —-
1161 682 1254 730 Jure

141 748 322 787 hodierno
366 750 533 787 doctrina
585 762 698 798 super
747 750 907 788 minores
955 751 1053 788 haud
1094 752 1253 788 multum

143 826 283 855 mutata
319 826 402 864 est,
454 830 537 856 nam
585 820 769 867 hodieque
814 820 935 858 minor
965 821 1012 858 ad
1046 821 1256 859 rescinden-

139 888 225 926 dum
258 896 489 926 contractum
521 890 829 937 qualemcumque
861 902 966 944 agere
996 900 1150 939 potest,
1176 901 1253 938 quo

137 958 266 1005 aliquo
300 960 411 996 modo
439 958 559 997 laesus
592 968 670 1008 est;
711 968 771 1007 et,
809 961 840 998 si
885 961 1134 1009 emancipatus
1172 968 1253 1007 est,

140 1027 186 1065 ad
225 1039 290 1065 eos
325 1036 491 1075 tantum,
545 1040 643 1078 quos
678 1042 745 1078 per
775 1042 815 1067 se
849 1030 968 1069 facere
1003 1031 1134 1079 nequit
1163 1031 1254 1080 (3);

141 1096 214 1134 nisi
248 1106 409 1144 utroque
442 1110 530 1137 casu
571 1100 682 1138 laesio
725 1102 882 1148 pendeat
915 1113 935 1139 a
966 1113 1054 1139 casu
1096 1100 1256 1139 fortuito

140 1177 218 1204 non
250 1168 418 1214 praeviso
459 1169 556 1217 (4);
614 1170 786 1216 quoniam
823 1170 1033 1222 restituitur
1070 1178 1256 1218 tamquam

139 1235 284 1281 laesus,
312 1246 388 1272 non
411 1244 596 1282 tamquam
626 1237 748 1275 minor
773 1238 857 1288 (5).
892 1239 935 1276 In
959 1239 1173 1278 hereditatis
1203 1239 1259 1277 di-

143 1304 290 1343 visione
311 1315 430 1342 autem
454 1305 577 1343 minor
599 1307 773 1345 cohaeres
794 1309 887 1346 ultra
908 1318 1073 1356 quartam
1092 1318 1253 1357 partem:

137 1374 176 1414 in
200 1376 360 1413 emtione
382 1376 597 1414 venditione
617 1377 740 1415 minor
764 1379 961 1424 venditor,
992 1380 1086 1417 ultra
1113 1387 1254 1428 septem

137 1445 374 1484 duodecimas
407 1454 530 1494 partes
563 1447 713 1493 laesus,
745 1457 888 1486 tantum
922 1448 1131 1486 restituitur
1165 1449 1254 1499 (6).

141 1513 220 1551 Imo
253 1525 341 1553 sunt
374 1526 409 1553 et
442 1516 502 1553 alii
541 1528 678 1564 casus,
707 1517 845 1565 quibus
883 1519 1070 1557 restitutio
1098 1529 1253 1567 propter

138 1583 337 1622 laesionem
377 1586 512 1624 minori
541 1595 758 1635 recusatur,
788 1599 883 1635 quos
909 1597 1031 1641 tamen
1068 1588 1129 1624 hic
1163 1598 1253 1625 enu-

140 1665 277 1692 merare
300 1654 344 1692 ab
370 1664 588 1702 argumento
624 1657 784 1694 alienum
822 1656 949 1705 foret,
979 1669 1093 1705 quum
1118 1659 1162 1696 ad
1195 1658 1252 1696 ni·

1157 1729 1248 1767 mias

172 1841 224 1880 (ι)
245 1841 375 1871 Proinde
400 1843 518 1879 omnia,
541 1851 616 1878 quae
635 1852 724 1880 supra
749 1846 786 1874 de
807 1846 880 1875 dolo
902 1847 956 1875 hac
982 1847 1012 1876 in
1036 1855 1070 1876 re
1096 1847 1249 1885 diximus,

138 1905 168 1926 et
191 1897 241 1927 hic
265 1900 396 1928 valeant.

173 1955 225 1994 (2)
248 1956 296 1985 cf.
320 1958 407 1985 Poth·
430 1959 452 1985 1.
475 1959 498 1986 1.
521 1956 569 1988 11⁰.
590 1966 637 1996 34.
658 1967 724 1994 sqq.

171 2012 222 2051 (3)
245 2015 293 2043 Cf.
320 2023 347 2044 a.
371 2016 407 2044 C.
431 2016 467 2044 C.
491 2024 576 2050 ¹305·

172 2071 225 2109 (4)
245 2071 297 2101 Cf.
319 2081 346 2100 a.
369 2073 406 2101 C.
432 2073 469 2101 C.
496 2076 586 2107 1306.

173 2127 224 2164 (5)
245 2128 316 2157 Vid.
338 2130 391 2157 lex
413 2138 443 2165 9.
466 2131 495 2165 §-
518 2139 547 2164 5.
568 2130 600 2158 ff.
620 2131 657 2159 de
676 2129 891 2169 Jurejurando.

175 2184 228 2222 (6)
247 2184 293 2214 ef.
314 2194 342 2214 a.
365 2186 403 2214 C.
427 2187 464 2216 C.
489 2196 576 2225 ¹314·
599 2186 712 2221 iunctis
730 2195 798 2218 artt.
822 2189 876 2223 887
898 2196 929 2218 et
950 2192 1034 2226 1674.

187 2299 301 2328 mur.
679 2290 707 2328 B
