1487 2703
392 229 459 269 ΒΟ
467 228 670 270 TANICO
686 252 700 260 -
715 227 1093 271 OECONOMICA.
1227 245 1297 283 117

187 339 280 378 hanc
291 341 470 379 maten-lam
487 341 684 388 acquisivit
698 354 717 379 e
729 341 909 380 radicibus
924 340 1108 391 Georgiae
1129 342 1297 380 variabi-

185 411 256 459 lis,
270 419 307 449 et
329 411 525 450 Helianthi
539 413 697 451 tuberosi
710 439 722 459 ‚
736 419 864 460 postea
879 411 984 449 etiam
1011 422 1029 448 e
1053 411 1150 458 rapis
1166 438 1178 457 ‚
1205 411 1295 448 dau-

181 480 236 519 cis
254 508 267 528 9
279 482 484 530 plantarum
515 483 620 520 caule
638 490 674 519 et
695 481 798 519 foliis
813 509 825 528 ‚
848 481 1023 519 arborum
1044 479 1182 517 cortice
1197 507 1209 526 ‚
1225 491 1294 528 po-

183 551 254 589 mis
269 579 282 597 ,
298 551 399 589 malis
414 551 568 600 aliisque
585 580 599 600 ,
615 551 691 590 imo
716 553 850 590 nullam
868 552 1027 599 plantam
1053 551 1113 589 vel
1136 552 1290 588 radicem

179 631 371 659 carnosam
400 622 568 669 invenit,
602 633 695 670 quae
718 621 875 670 aliquam
903 630 1039 670 partem
1059 649 1072 668 ‚
1105 621 1289 669 principio

181 693 341 739 quodam
368 702 467 730 nunc
485 694 651 730 colorato
665 720 678 740 ‚
706 702 804 730 nunc
831 691 990 730 incolori
1012 691 1261 730 combinatam
1276 719 1288 738 ‚

179 771 257 798 non
281 761 502 800 contineret.
532 782 574 793 —
601 762 712 799 Hunc
738 761 777 798 in
802 761 911 799 finem
936 772 969 798 e.
992 771 1029 808 g.
1058 760 1195 799 radices
1234 772 1289 798 ra·

179 831 264 869 dula
291 831 329 868 in
356 833 505 879 pulpam
529 842 729 869 conversae
760 839 976 879 coquuntur
1012 830 1049 868 in
1081 842 1176 879 aqua
1204 832 1289 869 des-

132 932 141 939 ,
180 899 322 947 tillata‚
369 900 461 948 cui,
506 900 591 949 quia
643 900 788 939 acidum
837 901 1021 949 pecticum
1060 900 1097 938 in
1148 902 1282 949 plantis

177 971 294 1017 vulgo
341 969 504 1008 occurrit
548 969 667 1009 forma
703 970 863 1010 Pectatis
897 970 1008 1008 calcis
1033 999 1046 1017 ,
1083 971 1285 1018 pauxillum

176 1039 270 1079 acidi
306 1039 623 1089 hydro-chlorici
670 1040 846 1089 additur,
880 1039 1082 1078 abluuntur
1121 1049 1156 1078 et
1200 1052 1286 1078 cum

176 1112 276 1159 larga
309 1109 498 1148 solution-e
532 1110 707 1149 Potassae
753 1111 811 1147 vel
856 1110 972 1148 Sodae
1017 1109 1148 1149 iterum
1184 1111 1285 1147 calo·

178 1181 209 1218 ri
253 1187 522 1228 exponuntur,
579 1179 697 1217 donec
742 1179 867 1226 liquor
900 1178 1075 1227 spissus,
1138 1180 1288 1217 mucila-

174 1250 354 1299 ginosus,
383 1248 631 1286 subalcalinus
653 1249 806 1296 prodeat
822 1276 836 1295 ‚
868 1250 955 1287 dum
980 1249 1123 1287 acidum
1150 1250 1288 1297 hydro-

172 1319 378 1358 chloricum
397 1318 620 1366 separaverit
632 1317 776 1355 acidum
798 1317 984 1365 pecticum
1012 1317 1131 1357 forma
1154 1319 1284 1367 gelati-

175 1403 270 1431 nosa
279 1390 357 1429 fere
382 1389 526 1438 absque
549 1390 674 1426 colore
689 1416 702 1436 ,
716 1399 849 1436 sapore
863 1388 1141 1435 acidulo‚aqua
1157 1385 1287 1436 frigida

174 1464 238 1501 vix
253 1489 266 1508 ‚
306 1459 505 1498 ebulliente
540 1469 629 1495 vero
676 1457 791 1506 magis
831 1457 1005 1496 solubile.
1069 1457 1250 1495 Alcohole
1272 1485 1284 1503 ,

175 1530 430 1571 solutionibus
465 1526 685 1574 metallicis,
731 1537 827 1574 aqua
855 1526 980 1564 Calcis
1018 1533 1055 1563 et
1100 1526 1283 1575 Barytae,

174 1602 287 1641 acidis
303 1630 314 1646 ,
326 1599 497 1647 sulphate
520 1606 556 1635 et
569 1597 692 1645 hydro
705 1616 719 1626 -
733 1596 898 1634 chlorate
909 1597 955 1634 So
970 1625 982 1644 ‚
993 1596 1126 1633 nitrate
1141 1596 1193 1634 Po
1208 1605 1281 1634 etc.

177 1671 391 1721 coagulatur
420 1678 455 1706 et
481 1676 644 1705 mutatur
665 1667 702 1704 in
728 1666 919 1715 gelatinam
953 1665 1169 1714 diaphanam
1186 1694 1197 1712 ‚
1227 1668 1284 1703 in-

176 1744 336 1781 colorem
353 1768 365 1786 .,
391 1738 519 1788 glaciei
546 1737 717 1774 similem.
772 1737 869 1775 Cum
896 1737 1047 1774 Potassa
1065 1734 1204 1774 format
1229 1738 1282 1773 sal

174 1825 268 1862 aqua
303 1810 408 1849 valde
433 1808 621 1855 solubile;
652 1807 799 1855 quando
827 1806 987 1843 Alcohol
1016 1805 1196 1844 solutioni
1222 1807 1283 1844 ad-

175 1883 300 1927 ditur,
327 1881 448 1917 denuo
481 1877 660 1915 formatur
689 1876 843 1924 gelatina
880 1876 1060 1924 diaphana
1093 1875 1280 1924 insipida3

174 1961 259 1989 cum
295 1946 493 1987 Ammonia
527 1946 590 1983 vix
624 1944 934 1982 combinationem
958 1945 1028 1982 init
1046 1970 1058 1989 ‚
1087 1956 1180 1992 quae
1203 1955 1283 1982 cae-

176 2001 586 2064 terum‘exsiccatione,
623 2014 693 2052 sub
725 2012 843 2052 forma
870 2014 1008 2062 gummi
1043 2003 1193 2053 exhibet
1228 2016 1281 2052 sal

177 2101 348 2131 neutrum
364 2117 377 2136 ‚
405 2085 531 2125 odoris
565 2085 783 2134 saporisque
810 2083 885 2122 fere
909 2095 1054 2132 expers.

227 2157 490 2201 Denominavit
506 2156 534 2194 B
550 2167 594 2194 ra
605 2167 624 2194 c
639 2167 662 2193 o
677 2166 701 2192 n
713 2166 738 2192 n
751 2166 774 2192 0
787 2163 801 2192 t
815 2155 886 2192 hoc
901 2154 1044 2192 acidum
1062 2164 1153 2192 voce
1168 2156 1283 2205 pecti-

175 2235 213 2273 οι·
232 2243 252 2269 a
274 2235 400 2276 πῆκτις
413 2256 426 2276 ,
446 2227 638 2278 coagulum
655 2233 790 2283 Qatque
803 2224 976 2273 opinatus
992 2233 1048 2262 est
1062 2223 1180 2270 ,nihil
1201 2235 1282 2261 esse

176 2302 248 2342 nisi
277 2298 503 2346 Cambium,
550 2296 651 2344 quod
686 2293 804 2333 forma
841 2302 1025 2343 guttarum
1061 2293 1280 2341 gelatinosa-

1203 2373 1286 2400 rum
