1487 2703
170 177 242 217 134
401 162 1062 203 COMMENTATIO

172 286 263 314 num
297 272 481 321 qualitatis
509 272 662 311 minoris
686 272 973 311 ameliorandum
991 300 1006 320 ,
1032 273 1108 311 imo
1128 273 1174 312 ad
1211 273 1288 312 vini

175 343 335 392 speciem
359 342 625 381 conficiendam
640 370 653 390 ,
668 343 811 381 dulcem
827 371 840 391 ,
857 342 1038 382 efficacem
1066 352 1102 382 et
1122 343 1259 384 fortem
1274 372 1289 392 ,

176 413 286 462 cujus
317 423 443 450 revera
467 412 646 450 humilior
673 412 779 461 origo
811 424 944 462 sapore
966 424 1169 462 numquam
1194 415 1294 453 dete-

177 481 216 530 gi
254 490 400 530 posset.
468 482 667 532 Ejusmodi
699 482 776 521 vini
814 482 952 522 Dubfi
967 482 1045 532 ef,
1090 484 1159 524 A0.
1197 487 1292 534 1827

180 552 390 599 exemplum
419 550 592 600 publicae
629 552 860 600 expositioni
887 553 1051 602 obtulit,
1091 554 1196 603 quod
1226 565 1296 592 no·

179 621 378 660 bilioribus
415 621 493 659 vini
528 621 725 670 speciebus
746 633 825 661 non
851 623 1018 663 cedebat.
1044 624 1114 674 (1)
1139 649 1197 658 —
1224 625 1297 664 Ce-

179 691 350 731 revisiam
387 703 498 740 quam
537 692 600 730 alii
637 703 900 742 praepararunt
934 695 1034 734 fusci
1084 696 1144 734 vel
1185 695 1300 734 albidi

182 762 322 801 coloris
357 770 394 800 et
416 763 561 811 saporis
597 763 716 802 dulcis
751 763 811 802 vel
855 764 1191 814 subamaricantis,
1225 764 1303 804 fere

184 833 372 881 aequalem
395 831 569 871 dixerunt
591 832 645 870 illi
664 833 803 881 speciei
828 834 1038 883 Anglorum
1054 863 1067 884 ,
1095 835 1168 874 Ale
1192 847 1303 884 quam

136 913 139 917 ·
186 909 355 949 vocant3
395 901 522 938 dicunt
537 912 692 950 quoque
712 901 807 941 hanc
827 904 1056 943 Cerevisiam
1083 916 1162 943 non
1186 914 1307 944 muta-

187 970 221 1010 ri
253 982 320 1009 nec
348 981 543 1019 acescere,
569 983 684 1020 porro
711 974 881 1012 laudatur
895 975 975 1024 ejus
996 974 1220 1023 salubritas,
1247 975 1306 1014 vis

188 1041 379 1089 nutriens,
392 1041 670 1081 effervescentia
685 1051 798 1091 atque
810 1044 933 1083 vilitas
948 1045 1073 1093 pretii.
1088 1046 1157 1095 (ει)
1172 1044 1307 1084 Tertio

188 1113 277 1150 loco
295 1111 405 1150 etiam
428 1120 573 1151 acetum
601 1112 686 1151 inde
700 1123 940 1163 praeparatur
961 1115 1203 1163 purissimum
1231 1114 1312 1153 for-

189 1191 331 1231 teque,
359 1183 497 1221 coloris
516 1183 629 1222 albidi
657 1185 717 1222 vel
740 1185 927 1234 subflavi,
955 1185 1083 1223 odoris
1106 1195 1142 1224 et
1163 1186 1310 1235 saporis

193 1253 313 1302 grati,
329 1261 434 1291 aceto
447 1253 523 1291 vini
535 1252 613 1291 fere
627 1253 762 1294 simile.
777 1257 847 1306 (3)
862 1255 1028 1304 Spiritus
1042 1256 1205 1303 denique
1215 1283 1229 1304 ,
1246 1255 1313 1304 qui

195 1324 444 1362 destillatione
471 1323 706 1372 aequititur,
733 1325 780 1363 ad
806 1325 997 1373 liquorum
1021 1325 1312 1374 spirituosorum

198 1405 309 1434 omne
328 1405 445 1444 genus
481 1394 663 1433 inservire
688 1403 841 1443 potest,
855 1404 893 1433 et
916 1395 972 1433 sic
986 1403 1122 1443 sponte
1141 1396 1315 1435 ducimur

198 1465 245 1503 ad
269 1463 605 1502 considerationem
621 1464 777 1513 spiritus
796 1464 893 1503 vini.
915 1465 1017 1503 —R
1031 1466 1062 1515 aj
1078 1479 1101 1504 u
1115 1477 1133 1503 s
1146 1466 1218 1516 jam
1243 1465 1316 1516 (4)

199 1533 347 1582 retulit,
387 1533 528 1573 incolas
563 1535 753 1584 virginiae
789 1534 863 1573 sibi
891 1546 913 1574 e
954 1535 1152 1574 tuberibus
1189 1537 1319 1576 Solam·

1260 1616 1322 1646 tu-

243 1731 297 1771 (ι)
317 1732 495 1769 Dubief,
515 1734 539 1762 1.
559 1741 589 1762 c.
617 1741 684 1769 pag.
715 1740 780 1767 1¹5.
809 1733 853 1763 cf.
893 1735 984 1764 etiam
1019 1737 1130 1767 oecon.
1159 1738 1322 1776 Neutgk„

207 1791 301 1825 1819,
328 1789 507 1826 Anzefger,
535 1790 588 1819 n⁰.
618 1799 647 1819 2.
681 1798 750 1826 pag.
778 1799 808 1826 5.
830 1795 924 1829 1824,
945 1793 996 1822 η’).
1017 1796 1066 1825 66.
1093 1802 1162 1830 pag.
1192 1799 1262 1830 528.
1283 1810 1322 1820 -

204 1846 296 1875 Dtct.
318 1846 451 1876 technol.
470 1848 493 1877 1.
507 1855 537 1876 c.
560 1855 627 1882 pag.
653 1856 709 1884 399
727 1855 757 1876 et
775 1855 846 1887 410.
862 1865 900 1872 -
912 1850 960 1878 De
980 1858 1125 1886 apparatu
1139 1853 1175 1881 ad
1194 1854 1323 1882 saccha-

206 1902 407 1932 rificationern
432 1904 611 1941 Dubief,
642 1907 664 1934 1.
684 1913 713 1935 c.
733 1913 803 1942 pag.
830 1915 903 1945 144,
924 1907 1003 1937 Tab.
1026 1909 1081 1938 111.
1098 1908 1151 1944 fig.
1176 1918 1229 1945 11,
1251 1909 1326 1939 vide

207 1967 332 1996 quoque
367 1960 501 1997 ibidem,
530 1969 599 1997 pag.
630 1972 660 1999 9.
690 1964 881 1999 Putsche,
919 1966 942 1994 1.
973 1974 1001 1994 c.
1029 1974 1098 2001 pag.
1120 1973 1195 2003 151,
1219 1967 1265 1996 uti
1291 1975 1322 1997 et

209 2017 286 2046 Tab.
304 2018 387 2046 XIII.
409 2018 461 2054 fig.
482 2028 517 2054 1,
538 2019 573 2047 de
595 2021 761 2056 Apparatu
787 2022 1099 2053 Hermbsta'dtii.

249 2073 304 2110 (η)
322 2074 501 2112 Dubief,
521 2078 543 2105 l.
563 2085 593 2107 c.
609 2085 676 2113 pag.
690 2080 914 2114 109.—0econ
925 2081 1086 2119 Neuigk„
1105 2086 1202 2122 1824,
1218 2082 1269 2113 11⁰.
1279 2090 1329 2120 53,

214 2139 280 2168 pag.
296 2138 366 2169 417.

253 2188 309 2224 (3)
327 2188 519 2223 Putsche,
542 2192 564 2219 1.
585 2200 612 2220 c.
629 2200 698 2227 pag.
720 2199 787 2230 148.

256 2245 308 2283 (4)
331 2246 407 2275 Hist.
429 2249 523 2282 plant.
546 2248 636 2278 Tom.
661 2250 686 2278 1.
709 2259 776 2286 pag.
796 2253 862 2286 675.
