1487 2703
413 192 927 232 LITERARIA.
1176 204 1229 241 43

116 310 282 342 senatum
321 301 580 351 populumque
621 313 754 351 magno
791 312 946 342 numero
983 309 1228 351 congregatos

116 373 285 422 invenit3
335 373 521 422 Jonathan
555 381 675 412 autem
711 382 748 411 et
779 373 942 421 collegae
971 371 1010 410 in
1045 383 1089 410 eo
1118 382 1231 410 occu-

116 443 196 493 pati
233 452 334 482 erant
373 453 415 481 ut
455 442 726 482 accusationem
767 451 898 481 contra
933 454 1016 481 eum
1058 442 1232 481 instit-ue<

115 523 225 563 rent3
261 524 347 554 cum
381 522 501 552 autem
536 525 618 552 eum
653 525 839 552 reversum
868 512 1062 560 viderent,
1090 513 1233 562 episto-

115 585 172 624 las
206 584 310 623 fictas
354 585 619 633 protulerunt,
672 583 811 632 quibus
857 582 1015 622 Galilaei
1054 581 1232 621 auxilium

117 654 298 704 rogabant
331 662 460 693 contra
484 654 708 701 Romanos,
737 653 787 691 ita
818 662 860 691 ut
890 653 1129 691 Tiberienses
1162 654 1233 691 cla-

117 734 259 764 marent
280 725 487 775 Josephum
523 732 696 773 oportere
732 723 855 762 statim
892 723 1016 770 abire,
1043 732 1086 760 ut
1112 734 1238 772 popu-

117 796 257 834 laribus
298 795 475 833 auxilium
515 793 642 834 ferret.
706 793 780 831 Hic
811 800 931 830 autem
968 793 1129 841 legatis,
1168 793 1237 840 qui

117 865 256 903 talibus
288 863 440 902 fallaciis
479 862 752 910 fraudibusque
788 862 1016 908 utebantur,
1055 873 1121 911 par
1152 862 1234 911 pari

119 934 275 982 retulit,
301 933 461 973 dicendo
487 943 564 971 non
601 932 770 970 sufficere
809 943 924 970 unum
963 931 1121 978 ducem,
1148 932 1235 980 quia

118 996 310 1044 exercitus
340 1003 560 1043 dividendus
596 1011 672 1040 erat
706 1003 745 1040 in
782 1002 947 1050 quinque
986 1009 1137 1050 partes,
1182 1001 1233 1040 ita

119 1084 162 1112 ut
202 1083 364 1122 quatuor
401 1074 456 1111 illi
501 1074 612 1122 legati
651 1073 812 1120 quisque
854 1080 1067 1121 praeessent
1110 1055 1241 1120 parti‚¹

118 1144 202 1194 ipse
232 1156 321 1183 vero
356 1144 462 1182 etiam
494 1153 634 1192 partem
670 1142 834 1180 duceret.
872 1162 924 1172 —
962 1142 1110 1190 Populo
1146 1141 1235 1179 haec

118 1215 332 1265 propositio
356 1213 524 1263 placuit,
551 1214 616 1251 sed
646 1212 836 1259 Ananias,
864 1223 964 1251 unus
996 1223 1040 1249 ex
1074 1220 1236 1259 quatuor

118 1285 278 1335 legatis,
306 1293 438 1322 auctor
467 1283 613 1321 civibus
638 1282 712 1321 fuit
745 1291 789 1320 ut
818 1282 991 1329 sequenti
1017 1282 1075 1320 die
1105 1292 1235 1320 omnes

117 1357 158 1395 in
179 1355 356 1406 templum
383 1354 553 1393 venirent
575 1352 756 1402 depositis
780 1352 916 1399 armis,
944 1361 987 1390 ut
1011 1351 1234 1391 sacrificium

118 1427 203 1465 Deo
237 1424 414 1463 offerrent
447 1432 484 1461 et
518 1423 661 1461 felicem
700 1424 812 1474 hujus
847 1423 934 1461 belli
969 1432 1143 1462 eventum
1176 1423 1238 1461 de·

119 1505 372 1546 precarentur.
439 1494 526 1543 Quo
564 1492 665 1531 facto
701 1492 812 1542 legati
842 1492 1027 1542 Johanni‚
1064 1492 1131 1542 qui
1166 1492 1238 1531 Gi-

120 1566 266 1604 schalae
299 1572 399 1612 erat,
427 1564 598 1602 scribunt
633 1571 677 1601 ut
709 1564 768 1601 die
800 1562 972 1611 sequenti
1005 1574 1090 1600 cum
1114 1562 1237 1612 copiis

119 1637 276 1676 veniret.
350 1635 542 1685 Josephus
580 1642 702 1672 autem
747 1645 861 1682 quum
907 1633 1069 1671 crastino
1104 1631 1162 1671 die
1199 1632 1238 1670 in

121 1710 299 1757 templum
339 1708 528 1754 venisset,
570 1717 667 1743 arina
699 1704 769 1743 sub
794 1702 962 1742 vestibus
995 1703 1140 1741 occulta
1178 1713 1239 1741 tu-

120 1765 192 1826 lit,
230 1777 503 1816 comitabantur
528 1785 649 1814 autem
682 1786 766 1813 eum
798 1774 872 1811 duo
904 1785 948 1812 ex
979 1773 1129 1821 amicis,
1165 1772 1237 1812 viri

122 1848 344 1896 fortissimi,
382 1847 448 1895 qui
470 1847 594 1884 ‚etiam
627 1857 726 1883 arma
759 1843 957 1883 habebant.
1006 1843 1118 1893 Jesus
1157 1843 1239 1892 ipse

120 1927 251 1968 portae
275 1918 507 1957 Proseuchae
525 1916 698 1964 adstetit,
713 1924 747 1953 et
773 1914 955 1953 neminem
978 1914 1132 1952 introire
1154 1926 1238 1963 pas-

121 1999 188 2027 sus
220 1995 280 2026 est
315 1988 388 2025 nisi
407 1987 630 2036 Josephum.
683 1985 861 2025 Precibus
892 1984 1104 2032 absolutis,
1126 1983 1239 2034 Jesus

122 2070 207 2097 eum
231 2058 417 2096 allocutus
437 2066 495 2095 est
513 2056 733 2105 rogavitque
758 2054 824 2093 ubi
847 2055 980 2104 praeda
998 2062 1100 2093 esset
1125 2065 1235 2102 quam

122 2130 311 2181 Josephus
337 2140 382 2167 ex
401 2127 568 2167 aedificio
597 2127 700 2176 regis
720 2128 910 2166 destructo
934 2133 1122 2175 acceperat
1148 2123 1236 2174 (1).

1142 2194 1236 2233 Res·

163 2283 214 2321 (ι)
237 2283 287 2312 ef.
309 2289 376 2318 cap.
397 2290 427 2318 4.
