1487 2703
231 149 277 187 54
445 135 1106 176 COMMENTATIO

283 243 566 286 stercorationis
594 252 742 292 tempus
763 255 783 282 a
809 243 931 282 variis
946 245 1045 283 varie
1070 245 1277 297 indicatur3
1302 248 1344 286 fit

232 318 328 356 enim
357 324 440 354 ante
476 316 535 352 vel
567 314 691 352 statim
726 321 814 362 post
858 314 1045 363 hiemem,
1085 317 1239 356 durante
1267 318 1346 357 hie-

233 398 293 425 me
337 386 417 425 sive
454 384 611 424 sationis
656 392 847 432 tempore3
883 384 967 433 alii,
1008 394 1207 435 postquam
1240 388 1345 436 plan-

233 465 294 495 tae
332 459 405 506 J'am
442 463 717 503 apparuerunt,
769 465 906 493 novam
945 456 1105 503 aliquam
1132 458 1345 507 portionem

233 527 397 565 addunt:
427 526 516 564 dum
539 524 583 563 fit
606 533 691 563 ante
715 525 869 563 hiemem
886 552 900 572 ,
927 534 1070 564 stercus
1096 528 1234 575 passim
1255 528 1346 568 sub-

233 604 379 642 aratur‚
418 594 601 643 imprimis
629 594 668 632 in
696 594 803 632 terris
830 596 1036 643 compactis
1071 595 1245 646 frigidis,
1284 598 1349 638 vel

234 675 377 704 tantum
408 665 626 714 expanditur
659 673 771 713 atque
797 676 966 713 sparsum
991 675 1112 706 manet
1150 676 1272 716 usque
1301 671 1348 708 ad

236 737 333 775 veris
358 735 520 774 initium.
572 735 801 773 stercoratio
826 743 914 784 post
937 736 1092 774 hiemem
1119 749 1228 787 saepe
1255 738 1349 776 diffi-

236 806 439 844 cultatibus
473 805 652 853 premitur
684 814 840 853 propter
872 806 1048 854 labores,
1079 808 1145 855 qui
1170 817 1260 846 tunc
1291 809 1349 846 in-

240 884 354 915 stant.
402 876 553 923 Optima
580 874 705 923 itaque
741 866 937 913 methodus
978 877 1150 925 videtur,
1203 887 1245 916 ut
1287 880 1350 918 fiat

238 946 372 995 partim
412 955 496 983 ante
545 955 581 983 et
627 956 714 994 post
752 946 909 983 hiemem
935 974 948 994 ,
990 948 1093 994 quod
1135 949 1347 995 praesertim

238 1016 414 1054 convenit
441 1015 549 1053 terris
572 1015 696 1053 minus
725 1015 950 1054 efficacibus.
1004 1017 1231 1056 Stercoratio
1256 1027 1350 1057 tem-

239 1099 331 1136 pore
381 1085 536 1124 sationis
580 1085 810 1135 pervulgatis
849 1094 935 1134 est3
987 1095 1024 1123 et
1069 1087 1122 1125 illi
1163 1087 1230 1136 qui
1269 1100 1348 1127 eam

239 1166 440 1206 repetunt,
493 1166 694 1205 postquam
750 1157 898 1205 plantae
952 1157 1026 1206 Jam
1071 1168 1350 1207 apparuerunt,

240 1229 469 1266 contendunt
492 1227 564 1264 hoc
609 1234 645 1264 et
682 1227 828 1264 Solam‘s
862 1234 898 1263 et
922 1225 1061 1264 fructui
1099 1227 1350 1267 subsecuturo

240 1300 447 1347 prodesse,
474 1296 654 1345 imprimis
693 1305 829 1334 aestate
855 1296 1020 1334 humida.
1056 1297 1123 1344 (1)
1175 1298 1351 1336 Attamen

240 1368 399 1405 multum
437 1367 618 1414 dependet
653 1378 672 1403 a
706 1365 803 1404 varia
840 1366 987 1403 colendi
1019 1367 1197 1405 methodo
1238 1377 1351 1416 atque

239 1437 315 1486 agri
346 1436 587 1484 conditione,
617 1437 661 1474 de
697 1436 815 1472 hocce
840 1436 954 1484 igitur
985 1447 1202 1484 argumento
1228 1438 1352 1477 videa·

239 1517 321 1543 mus
337 1534 350 1553 ,
366 1516 499 1554 nempe
530 1505 574 1542 de
600 1504 850 1543 elaboratione
875 1513 990 1543 terrae
1013 1514 1049 1542 et
1078 1506 1123 1543 de
1145 1517 1232 1544 cura
1256 1506 1350 1556 ipsis

239 1575 373 1624 plantis
398 1576 618 1613 adhibenda.

291 1646 383 1685 Dixi
412 1646 528 1684 vai-Ias
563 1646 639 1684 dari
665 1646 890 1692 methodos,
920 1646 1056 1694 quibus
1092 1647 1269 1685 solanum
1294 1657 1355 1687 tu·

239 1717 402 1755 berosum
430 1716 505 1753 coli
542 1717 688 1764 soleat3
730 1715 768 1752 in
808 1715 1022 1753 universum
1061 1726 1184 1754 autem
1222 1727 1353 1766 magna

239 1786 300 1824 hie
337 1787 558 1824 observatur
593 1785 879 1834 convenientia;
908 1797 992 1823 nam
1018 1797 1063 1825 an
1088 1798 1261 1835 vomere,
1290 1799 1353 1826 ex-

239 1857 465 1905 stirpatore,
493 1856 621 1895 aliisve
649 1855 903 1894 instrumentis
930 1865 1104 1904 utantur,
1133 1856 1258 1895 omnis
1291 1868 1351 1895 res

239 1927 451 1975 praesertim
475 1939 519 1965 eo
539 1927 659 1973 redit,
688 1936 730 1964 ut
760 1927 837 1974 agri
856 1926 1072 1974 superficies
1095 1938 1205 1974 quam
1239 1926 1356 1966 maxi-

239 2008 296 2035 me
317 1998 390 2036 aeri
416 1998 586 2046 exposita
611 1997 660 2034 sit
678 2025 691 2043 .,
712 2005 808 2035 terra
831 1998 951 2035 relaxa
971 1996 1170 2044 reddatur,
1196 1997 1355 2046 depute-

240 2076 324 2114 tur,
353 2078 465 2115 atque
486 2068 741 2106 deradicentur
763 2068 909 2116 plantae
933 2066 1081 2104 inutiles
1096 2094 1110 2115 ,
1136 2067 1197 2105 cui
1230 2079 1350 2117 scopo

492 2136 495 2142 '
1296 2138 1352 2178 in-

275 2216 919 2256 (13v011schwcrz,1.c.Baml.11.
937 2227 1006 2256 pag.
1025 2222 1100 2250 616.
