1487 2703
168 167 239 204 142
391 152 1062 195 COMMENTATIQ

171 266 284 302 bitam
317 262 461 310 fuisse;
505 284 557 293 —
597 262 813 310 Ludwig
836 269 957 300 autem
994 263 1109 300 muita
1136 263 1284 312 pollici·

162 347 224 374 tus
247 343 333 381 est,
359 334 404 371 de
433 334 518 370 oleo
557 345 601 371 ex
626 333 684 370 his
723 332 931 370 seminibus
965 333 1213 380 acquirendo,
1245 341 1282 373 et

159 407 252 444 hanc
307 403 558 441 inventionem
607 414 710 440 suam
756 403 939 451 vocavit3
1001 411 1162 441 attamen
1205 415 1283 442 non

159 475 269 513 video
293 473 619 521 Ludwigium
656 473 906 521 experimenta
933 473 1169 521 instituisse,
1198 474 1284 522 qui-

164 547 237 584 bus
266 545 379 594 hujus
413 544 486 581 olei
515 543 611 581 vires
637 544 873 590 comprobari
895 552 1064 591 possent.
1096 544 1180 593 (ι).

215 614 362 653 Ultimo
397 613 542 651 tandem
566 614 652 650 loco
680 613 868 651 videamus
905 614 950 650 de
979 613 1112 652 Solano
1138 614 1288 654 tubero·

170 699 221 725 so.
250 684 300 724 L.
333 684 553 723 animalibus
588 684 830 722 nutrimento.
858 707 909 713 —
934 683 1115 733 Quamvis
1146 684 1285 722 Solana

169 755 300 805 primis
321 756 393 805 Jam
414 753 647 802 temporibus
670 755 715 791 ad
739 764 826 791 sues
852 753 1074 802 saginandos
1107 753 1289 792 adhibue-

171 826 272 873 rint,
299 824 422 863 vaccis
449 824 651 871 bobusque
678 832 800 861 autem
837 823 1111 863 recentioribus
1139 824 1287 862 demum

173 894 406 944 temporibus
427 902 701 942 porrexerunt3
719 893 886 940 scilicet,
906 894 1057 941 quando
1080 894 1174 932 hanc
1186 894 1292 942 plan-

171 972 246 1003 tam
271 965 394 1003 colere
417 964 689 1011 incoeperunt,
719 971 833 1010 atque
857 964 938 1012 ejus
964 961 1112 1001 fructus
1134 958 1292 1013 proprio

170 1034 257 1073 usui
289 1034 565 1081 vendiderunt,
600 1043 772 1080 magnum
805 1033 964 1081 pretium
999 1043 1077 1070 non
1111 1032 1287 1080 sinebat,

169 1114 212 1142 ut
243 1105 375 1153 pecudi
415 1104 659 1151 exhiberent,
698 1102 772 1141 fuit
813 1114 946 1152 nempe
994 1112 1083 1144 tunc
1111 1101 1292 1152 temporis

168 1173 281 1225 longe
314 1175 431 1224 major
459 1174 578 1223 ipsius
612 1173 792 1222 pecuniae
816 1173 1052 1222 aestimatio,
1092 1181 1206 1222 atque
1233 1185 1295 1212 ac·

173 1245 289 1283 cessit
334 1243 466 1292 opinio
508 1243 684 1283 Solanum
720 1243 927 1281 tuberosum
958 1253 1068 1290 agros
1101 1241 1295 1282 exhaurire

171 1316 390 1362 nullumque
422 1322 565 1352 stercus
607 1313 745 1362 largiri.
788 1335 845 1344 —-—
890 1312 1152 1351 Adscribimus
1200 1313 1289 1352 haec

173 1393 388 1433 argumenta
429 1394 467 1423 et
507 1383 645 1422 minori
679 1382 918 1431 cognitioni,
946 1393 1019 1429 qua
1051 1382 1293 1431 Agricultura

170 1454 320 1504 longius
355 1454 477 1493 abfuit
507 1454 552 1491 ab
582 1454 647 1491 illo
683 1461 785 1490 statu
818 1451 1063 1500 perfectionis
1102 1453 1293 1501 adquem

170 1525 311 1564 nostris
337 1521 570 1573 tempOribus
598 1522 714 1571 magis
745 1522 937 1570 magisque
966 1521 1101 1561 elevari
1135 1522 1294 1572 coepit,

176 1606 212 1634 et
242 1595 363 1633 dictae
398 1595 519 1643 ipsius
555 1593 732 1643 pecuniae
754 1591 1190 1643 aestimationimajOri,
1218 1603 1293 1641 qua

173 1665 312 1704 factum
339 1664 459 1712 fuit,
500 1673 544 1702 ut
576 1676 652 1702 rem
698 1663 881 1712 quandam
924 1674 1002 1702 non
1042 1663 1294 1713 attingerent,

177 1738 251 1776 nisi
282 1739 367 1776 luce
394 1736 529 1774 clarius
554 1735 811 1784 perspexerint
834 1733 967 1772 exinde
992 1745 1123 1783 magna
1152 1736 1296 1774 emolu-

177 1815 299 1846 menta
343 1806 550 1855 exspectari
590 1816 721 1854 posse.
785 1805 858 1843 Sed
892 1813 1061 1853 tempore
1105 1803 1182 1854 ipsi
1215 1816 1298 1844 mu-

177 1887 305 1917 tantur
326 1876 496 1916 homines
511 1904 525 1924 ‚
565 1876 704 1915 sensim
730 1875 873 1924 quippe
892 1885 938 1913 ex
954 1874 1164 1914 abundante
1186 1875 1296 1925 copia

175 1957 315 1998 partem
350 1946 533 1995 quandam
578 1945 713 1994 pecudi
749 1956 916 1994 separare
951 1944 1211 1993 incipiebant,
1238 1954 1294 1984 .et

179 2020 233 2058 sic
266 2020 355 2058 haec
397 2016 596 2055 methodus
637 2014 864 2064 pedetentim
900 2013 1072 2053 increvit.
1112 2035 1166 2045 —-
1190 2014 1296 2055 Prae-

179 2089 304 2128 sertim
342 2098 432 2126 vero
475 2086 514 2124 in
541 2086 677 2136 Anglia
712 2095 935 2134 progressus
971 2082 1092 2132 fecit,
1129 2083 1195 2122 ubi
1227 2084 1296 2124 hac

1256 2154 1295 2193 in

223 2255 535 2292 (1)1.udwig‚l.
558 2262 586 2283 c.
608 2262 673 2289 pag.
698 2258 743 2289 89.
