1544 2693
447 174 1044 217 THEOLOGICA.
1257 196 1306 232 29

189 289 261 318 tam
296 280 541 330 abrogandam
580 283 657 322 esse
698 267 838 324 rentnr.
879 288 974 336 (37)
1026 287 1130 326 Hanc
1162 288 1306 329 senten-

188 350 274 388 tiam
325 360 450 399 aperte
503 352 692 400 professus
743 364 798 392 est
845 356 897 394 H.
956 357 1020 395 W.
1064 358 1303 408 Hoving,

186 420 331 468 Ictus,
358 422 397 459 in
429 422 552 470 libro,
580 424 640 461 cui
668 425 829 464 titulus:
859 427 1114 466 Christendom
1141 441 1186 466 en
1205 429 1306 468 Her·

189 495 381 543 vorming‚
410 494 626 543 vergeleken
651 503 724 532 met
745 495 815 534 den
841 496 1160 547 Protestantschen
1183 500 1306 539 Kerk-

181 563 310 614 staat‚
357 564 554 612 bijzonder
587 567 628 602 in
662 566 706 602 dc
743 565 1027 606 Nea'crlanden.
1069 569 1162 618 (38)
1223 570 1303 609 Alii

186 642 292 679 aegre
325 632 451 670 ferunt
484 643 627 671 omnem
660 635 804 682 legem,
860 648 931 683 qua
963 637 1160 687 Euangelii
1191 639 1303 677 inter-

187 701 356 748 pretibus
391 702 564 749 quaedam
606 702 865 749 praescribitur
903 716 1058 753 norma,
1112 708 1157 745 ad
1192 721 1302 756 quam

187 770 376 808 doctrinae
414 770 646 809 Christianae
682 772 799 820 capita
835 773 873 810 in
905 784 1016 813 coetu
1055 777 1208 824 publico
1244 790 1306 817 ex·

186 847 397 887 ponantur:
427 849 599 888 putantes
620 869 632 888 ,
671 841 809 889 cuique
841 846 1109 884 concedendam
1145 847 1220 886 esse
1259 850 1303 887 li-

185 908 340 946 centiam
357 936 371 956 ,
398 908 594 948 identidem
632 910 699 949 fibi
737 912 892 962 eligendi
919 915 1100 953 materiam
1118 945 1130 964 ‚
1158 918 1204 956 de
1230 931 1304 967 qua

186 989 255 1026 pro
293 979 475 1016 concione
508 979 553 1018 fit
591 980 774 1020 dicturus.
817 982 910 1031 (39)
973 983 1071 1022 Aliis
1115 986 1302 1027 Ecclesiae

1215 1058 1300 1097 Bel-

224 1123 297 1160 (37)
318 1123 434 1152 Horum
457 1125 643 1155 mentionem
661 1127 736 1156 facit
764 1132 814 1158 W.
842 1130 879 1158 Η.
909 1131 1122 1169 suringar,
1146 1134 1178 1162 in
1206 1136 1300 1164 Voor-

158 1177 311 1214 'stellen,
348 1181 537 1216 betreffende
572 1182 629 1218 dm
654 1186 825 1219 openbaren
858 1187 1052 1223 eeredienst‚
1089 1191 1210 1225 geduan
1238 1202 1298 1221 aan

185 1235 241 1263 den
264 1243 393 1272 grooten
426 1238 601 1266 kerkeraad
631 1240 686 1268 der
716 1242 854 1271 Nederd.
887 1243 1064 1273 hervormde
1088 1256 1243 1282 gemaente
1267 1258 1296 1278 te

185 1291 416 1328 Lecwmanstn,
455 1302 532 1329 quae
561 1295 686 1325 insertae
720 1298 787 1326 sunt
814 1300 915 1328 Novis
949 1302 1096 1337 Symbolt‘s
1125 1305 1298 1344 prioribus,

184 1348 331 1384 (Νίκωνι
357 1351 552 1387 Bijdragen,
583 1359 633 1380 ter
660 1355 867 1393 hevordering
891 1367 951 1387 van
976 1359 1011 1387 de
1036 1361 1143 1390 kenm's
1168 1374 1203 1391 en
1228 1375 1297 1394 ver-

183 1408 326 1443 beter'ing
350 1417 410 1437 van
430 1409 486 1436 den
515 1413 684 1446 openbaren
711 1413 905 1450 eeredt'enst‚
935 1416 987 1443 het
1011 1418 1237 1450 leeraarsambt
1260 1433 1297 1451 en

185 1463 340 1498 kerkelijk
361 1464 485 1498 bestuur
514 1468 563 1501 hij
589 1467 624 1495 de
652 1469 896 1505 Protestantfche
933 1473 1133 1513 christenen)
1163 1480 1231 1507 Vol„
1253 1481 1296 1511 11.

181 1525 216 1554 p.
237 1522 401 1558 306—342.
431 1523 505 1550 haec
528 1524 681 1558 referens,
704 1534 734 1560 p.
757 1536 828 1562 323,
856 1536 924 1566 324.
954 1531 1002 1558 Er
1028 1534 1095 1567 zijn
1123 1544 1157 1562 er
1186 1539 1295 1575 velen,

184 1576 234 1604 die
260 1577 315 1604 den
342 1577 548 1607 katechismus
566 1587 598 1616 op
617 1584 767 1619 geringen
786 1586 872 1620 prijs
892 1587 1059 1625 schamen,
1080 1601 1114 1618 en
1131 1592 1165 1620 de
1182 1596 1297 1624 behan-

184 1632 289 1669 deling
322 1634 484 1664 derzelven
518 1639 631 1674 weInig
664 1641 868 1670 betcekenend
901 1653 936 1671 en
968 1650 1134 1685 overtollig
1166 1651 1295 1685 keuren.

183 1690 246 1727 Ja!
269 1690 322 1718 het
339 1693 502 1720 ontbreokt
514 1696 582 1722 niet
601 1705 662 1723 aan
678 1697 828 1726 dezulken
840 1719 850 1735 ,
870 1701 919 1728 die
936 1701 988 1729 het
1003 1708 1163 1740 oogenblik
1180 1711 1295 1741 zouden

183 1756 335 1784 zegencn,
356 1749 411 1777 dat
429 1751 463 1778 de
491 1751 715 1789 sanabimus,
738 1766 811 1784 voor
834 1759 953 1794 anisa,
974 1764 1149 1792 verbannen
1169 1769 1265 1799 werd.

221 1806 294 1843 (38)
314 1805 405 1834 Liber
420 1807 550 1842 primum
578 1810 675 1839 editus
692 1820 738 1840 est
761 1821 822 1842 non
843 1814 976 1845 indicato
1000 1819 1152 1856 scriptoris
1169 1825 1294 1854 nomine

183 1862 280 1891 Gron.
305 1867 388 1896 1815.
412 1865 520 1894 iterum
544 1866 618 1895 ibid.
643 1872 725 1900 18¹6.
754 1879 855 1900 auctus
880 1875 1010 1910 prologo
1040 1885 1070 1906 et
1095 1879 1238 1919 epilogo,
1262 1884 1294 1913 in

183 1927 244 1954 quo
269 1928 373 1949 auctor
395 1929 504 1950 nomen
531 1924 614 1952 suum
642 1927 796 1960 professus
821 1936 886 1964 est,
905 1939 937 1965 p.
961 1935 1028 1970 346.
1072 1936 1153 1971 Quae
1181 1938 1213 1966 iu
1237 1940 1294 1968 Ca.

180 1977 309 2004 teche-fin
339 1979 497 2007 Palatinam
523 1981 653 2017 scripsit,
684 1992 717 2012 ea
744 1987 879 2020 legantur
904 1997 933 2024 p.
956 1993 1021 2020 160.
1044 2002 1206 2029 nce-203.
1230 1999 1293 2025 col-

180 2034 237 2061 lata
264 2042 331 2062 curn
356 2035 443 2064 dictis
471 2038 508 2065 de
532 2038 671 2069 formulis
698 2044 878 2080 consensuS,
899 2055 930 2080 p.
952 2050 1077 2082 61—63.

218 2091 290 2129 (39)
314 2093 377 2121 Hos
402 2093 534 2123 indicare
555 2095 676 2125 videtur
693 2099 826 2135 scriptor
842 2101 928 2132 libri:
953 2106 1126 2136 Gedachten
1152 2120 1224 2141 over
1238 2113 1291 2142 het

175 2149 374 2186 predikampt
400 2152 432 2178 fn
459 2152 494 2179 de
531 2154 782 2190 Gereformaeerde
814 2160 922 2195 Kerk,
963 2171 997 2190 en
1031 2165 1161 2203 deszelfs
1185 2171 1289 2199 νει-11η·

180 2204 407 2243 ’κἀανηεοὶίηξ,
431 2208 483 2243 (F.
507 2209 737 2251 Liefstink)
757 2213 802 2243 his
818 2215 887 2245 usus
911 2219 1029 2255 verbis,
1050 2229 1081 2256 p.
1107 2231 1172 2260 137.
1210 2225 1290 2255 Son„

181 2263 278 2298 mig-en
308 2265 419 2292 hebben
441 2274 590 2302 genoeffen
614 2269 645 2295 in
679 2269 729 2297 her
756 2272 964 2303 catechismus
984 2274 1176 2313 prr-clibani
1196 2285 1288 2311 ande-

1232 2350 1286 2369 ren
