1487 2703
441 170 875 220 JURIDICA.
1172 184 1217 221 37

109 283 276 321 traditam
324 282 377 319 sic
424 281 611 330 explicat,
664 281 765 329 quod
806 291 915 318 causa
951 279 1217 328 obligationis,

109 363 216 400 quam
244 351 334 389 alter
363 350 434 389 sibi
456 350 643 400 imponit,
660 351 734 388 sit:
765 377 796 397 ‚‚
827 349 886 387 Oa
912 362 978 397 cc,
994 363 1063 399 que
1075 350 1218 387 l'autrc

105 448 138 469 „
159 423 289 472 partie
319 421 374 458 lui
403 420 519 459 donne
534 449 547 467 ‚
597 434 642 458 ou
675 433 715 458 ce
738 420 870 469 qu'elle
900 421 1069 469 s'engage
1104 423 1128 457 ὰ
1162 421 1218 458 lui

104 518 136 538 ‚,
163 489 330 538 donner,
358 503 402 528 ou
434 491 469 528 la
494 489 748 539 risque,dont
774 489 840 526 elle
864 501 900 527 se
925 489 1063 538 charge
1077 488 1103 505 '’
1130 490 1216 537 (1).

103 561 231 610 Quum
253 571 362 598 nemo
383 559 526 598 dubitet
543 587 555 605 ‚
571 559 662 606 quin
691 563 742 597 10.
760 559 872 596 illud:
904 586 934 605 ‚,
948 570 1012 604 ce,
1026 570 1096 609 que
1116 558 1215 596 l'au-

100 658 133 678 „
161 639 221 668 tre
247 632 374 682 partie
411 630 466 668 lui
497 628 679 675 donne,”
725 627 821 665 nihil
854 627 953 664 aliud
985 627 1062 674 sit,
1104 638 1213 674 quam

101 699 275 748 objectum
303 701 399 749 (2);
448 699 504 737 2⁰.
536 700 607 735 hoc
641 707 678 736 et
711 709 862 735 causam
896 695 1069 742 differre,
1110 697 1216 744 quod

101 769 184 817 ipse
223 769 487 806 Merlinus
530 767 568 803 in
613 778 724 814 opere
764 777 860 804 suo:
912 766 1135 816 Repertoire
1171 765 1216 803 de

101 836 403 889 Jurisprudencc
429 837 523 886 (3),
577 836 672 874 b‘ene
702 835 824 884 vidit3
863 847 929 882 ea,
960 847 1053 882 quae
1092 835 1214 882 dixit,

100 918 269 956 quaeque
302 907 414 944 modo
438 906 655 953 retulimus,
691 913 815 954 aperte
843 905 936 943 faisa
962 914 1066 944 sunt.
1096 905 1214 943 Porro

98 978 336 1024 exemplum,
365 987 441 1024 quo
474 977 520 1014 ad
549 976 766 1014 illustranda
803 987 843 1013 ea
873 976 1016 1023 utitur,
1044 974 1214 1023 quamvis

100 1057 166 1095 per
203 1057 244 1084 se
271 1054 369 1084 recte
405 1058 445 1084 se
483 1046 641 1093 habeat,
677 1046 799 1084 minus
834 1054 1004 1084 accurate
1043 1057 1126 1083 eum
1161 1045 1216 1082 in-

98 1123 338 1164 terpretatum
363 1126 471 1163 esse,
491 1127 600 1153 nemo
625 1126 702 1154 non
725 1116 840 1154 videt.
855 1133 912 1140 —
930 1115 1023 1154 Dedi-
1044 1115 1113 1154 tibi
1139 1127 1213 1153 rem

98 1185 323 1223 immobilem
350 1185 388 1223 in
414 1186 638 1224 solutionem
664 1186 772 1235 legati
799 1200 914 1225 2000.
959 1186 1213 1233 florenorum,

73 1253 166 1292 ·tibi
191 1254 310 1292 relicti
335 1263 556 1294 testamento
582 1268 602 1294 a
628 1265 731 1304 patre
757 1267 840 1294 meo
855 1285 869 1303 ‚
896 1255 1071 1294 codicillo
1092 1267 1182 1294 vero
1200 1284 1213 1301 ,

98 1335 156 1362 me
182 1324 327 1373 inscio,
353 1314 501 1362 ademti.
553 1325 799 1364 Contractum
824 1327 967 1364 nullum
987 1326 1077 1363 dicit
1101 1320 1216 1375 prop·

98 1402 154 1432 ter
182 1393 310 1432 falsam
334 1406 506 1433 causam:
538 1422 569 1442 ‚‚
599 1395 685 1443 Οτι,
711 1398 744 1434 si
767 1396 844 1434 l’on
867 1405 953 1435 veut
969 1424 982 1442 ‚
1005 1396 1219 1447 parcequ’il

101 1490 133 1511 „
160 1463 222 1513 n’y
251 1477 277 1501 a
306 1466 411 1514 point
436 1463 679 1514 d’obligation
715 1478 800 1503 sans
821 1474 1113 1513 consentemcnt,
1152 1475 1213 1512 et,

98 1560 130 1581 ,‚
157 1533 303 1584 qu’cmx
341 1546 439 1581 yeux
474 1533 518 1571 de
550 1534 590 1572 la
622 1535 698 1582 ἰοί,
727 1546 763 1572 se
789 1543 985 1586 tromper,
1016 1534 1109 1574 n’cst
1143 1546 1214 1587 pas

98 1631 130 1651 „
155 1606 355 1643 consencir.
373 1604 397 1619 ”
450 1605 584 1651 Aeque
615 1616 656 1643 ac
691 1605 723 1642 si
757 1604 852 1643 idem
883 1612 982 1642 esset
1005 1615 1214 1643 consensus

20 1690 23 1691 ⁷
96 1684 137 1711 ae
165 1684 301 1721 causa;
344 1685 438 1721 quae
473 1673 647 1720 differre,
676 1684 777 1723 patet
805 1684 884 1712 tum
912 1686 956 1713 ex
979 1675 1064 1724 ipso
1089 1675 1216 1713 Mer·

98 1742 210 1780 lino
226 1770 239 1789 ‚
271 1743 336 1790 qui
354 1744 392 1780 in
413 1745 638 1793 Repertorio
669 1756 740 1783 suo
762 1746 807 1783 de
835 1754 996 1792 utroque
1018 1746 1212 1794 separatim

95 1812 196 1861 egit,
224 1821 302 1850 tum
342 1824 389 1851 ex
414 1813 557 1852 Codice
586 1814 700 1852 Civili
717 1842 730 1861 ‚
758 1815 821 1852 ubi
852 1815 920 1853 alia
952 1816 995 1853 de
1016 1828 1212 1864 consensu,

95 1882 164 1921 alia
198 1884 243 1921 de
275 1896 390 1921 causa
424 1885 586 1922 occurrit
617 1884 751 1923 sectio.
821 1885 1021 1925 Videamus
1060 1894 1213 1933 autem,

97 1953 187 2000 quid
221 1953 266 1990 de
297 1953 383 2001 ipso
410 1965 499 1992 casu
522 1955 719 2003 proposito
757 1954 805 1993 sit
831 1957 1084 1996 statuendum.
1121 1955 1215 1994 ·Ne-
1250 1938 1252 1940 .

1140 2038 1214 2074 que

135 2128 187 2164 (1)
211 2131 371 2165 Questions
397 2132 430 2158 de
457 2131 576 2165 Dran,
599 2131 618 2159 1.
639 2131 661 2158 1.

137 2186 189 2220 (2)
209 2186 260 2214 cf.
283 2193 339 2215 nrt.
365 2187 403 2215 C.
428 2188 465 2215 C.
491 2190 579 2216 1126·

136 2242 188 2278 (3)
210 2243 247 2270 L.
270 2244 293 2271 i.
