1487 2703
259 198 331 236 130
480 177 1150 220 COMMENTATIO

261 293 417 333 historia
461 275 695 329 adhibendae
743 294 872 334 erant,
927 295 969 324 ut
1020 298 1076 326 res
1113 297 1237 336 gestas
1283 300 1376 337 quas

263 363 434 402 narrabat
473 360 671 409 explicaret
703 366 739 395 et
766 358 862 395 clare
895 364 1122 406 exponeret3
1151 370 1192 397 ea
1226 367 1376 407 autem,

264 445 359 482 quae
390 431 540 482 Judaeis
578 438 680 467 erant
715 427 895 476 propria,
945 438 1031 465 cuni
1065 427 1110 466 iis
1151 440 1244 476 quae
1277 431 1379 479 apud

264 504 358 543 alios
401 501 568 550 populos
618 497 811 537 exstabant
849 497 1032 535 institutis
1074 507 1179 537 erant
1227 510 1383 549 compa·

265 574 403 619 rancia,
438 571 489 608 ita
524 580 565 607 ut
602 569 642 606 hi
678 569 740 606 illa
773 568 1040 615 intelligerent.
1112 570 1228 608 Porro
1262 570 1381 609 Grae-

264 654 393 681 corum
430 631 764 686 Romanorumque
796 637 984 676 scribendi
1023 638 1203 676 ‘rationem
1235 647 1272 677 et
1300 647 1382 687 sty-

264 715 342 752 lum
379 711 510 751 debuit
544 707 680 757 sequi,
721 708 770 747 ita
806 717 848 746 ut
884 708 944 746 his
983 717 1083 756 grata
1119 708 1249 747 fierent
1286 719 1382 757 quae

265 782 450 822 narrabat.
528 782 596 819 Per
630 778 728 817 vitae
780 769 1109 827 opportunitates,
1162 772 1220 817 uti
1267 789 1381 828 supra

265 854 508 899 monuimus,
546 834 767 899 aptissimus
801 848 876 887 fuit
904 848 950 886 ad
982 849 1118 887 hancce
1150 849 1382 899 provinciam

264 925 335 963 rite
382 921 642 972 perficiendam
661 949 674 967 ,
727 927 765 957 et
815 918 959 968 ubique
995 918 1035 957 in
1075 920 1155 970 eJus
1199 920 1380 970 operibus

263 993 428 1034 ostendit
474 1004 515 1030 se
561 991 665 1045 hisce
716 989 1066 1038 opportunitatibus
1123 997 1224 1028 recte
1270 1001 1381 1029 usum

264 1064 397 1103 fuisse.

305 1134 388 1185 Jam
422 1144 513 1172 vero
547 1131 618 1170 viri
653 1130 757 1169 docti
793 1129 827 1168 ei
863 1130 1049 1179 imputant
1086 1123 1244 1169 nimium
1275 1130 1382 1170 Gen-

261 1205 392 1244 tilibus
429 1202 602 1253 placendi
637 1201 829 1249 studium3
857 1201 961 1239 illum
1000 1200 1039 1239 in
1073 1201 1141 1239 hac
1175 1209 1279 1249 parte
1305 1213 1381 1240 ma·

259 1275 315 1324 gis
353 1285 462 1323 quam
499 1284 565 1321 par
596 1280 673 1310 erat
709 1271 949 1320 procedisse,
990 1272 1041 1309 ita
1076 1280 1119 1310 ut
1148 1282 1259 1320 saepe
1286 1269 1380 1310 falsa

258 1353 381 1383 narret
413 1352 450 1382 et
483 1343 597 1381 dicat.

310 1415 434 1454 Nemo
473 1421 573 1452 certe
609 1423 687 1450 non
717 1411 890 1450 concedit
926 1421 1005 1449 non
1045 1410 1156 1449 facile
1191 1421 1276 1450 esse
1314 1421 1380 1450 ne·

260 1483 404 1534 gotium
443 1484 482 1521 in
513 1483 626 1521 hacce
663 1494 702 1519 re
740 1490 873 1524 rectam
912 1479 1008 1519 viam
1045 1489 1195 1527 tenere,
1243 1481 1295 1519 ita
1337 1492 1380 1519 ut

261 1554 386 1603 Scylla
418 1554 463 1591 ab
496 1563 570 1590 una
603 1560 707 1600 parte
743 1560 779 1588 et
818 1550 1034 1599 Charybdis
1061 1549 1107 1588 ab
1139 1550 1252 1588 altera
1287 1549 1381 1588 bene

263 1625 481 1671 evitentur;
511 1631 548 1660 et
579 1622 759 1660 nolumus
787 1620 965 1658 affirmare
993 1619 1203 1669 Jos·ephum
1231 1620 1270 1658 in
1301 1630 1381 1658 om-

259 1695 370 1733 nibus
408 1694 446 1733 id
479 1692 548 1731 rite
574 1692 723 1740 egisse3
755 1691 824 1729 sed
857 1690 968 1728 etiam
1003 1701 1082 1728 non
1111 1688 1268 1728 facimus
1290 1701 1378 1730 cum

259 1765 334 1803 illis
373 1764 439 1812 qui
478 1763 679 1812 perhibent
713 1761 818 1799 illum
851 1771 961 1809 saepe
999 1770 1067 1808 per
1100 1759 1237 1799 hancce
1264 1771 1378 1810 agen,-

259 1836 298 1874 di
324 1835 503 1872 rationem
529 1832 674 1872 veritati
707 1831 864 1869 nimium
894 1829 1099 1869 detrahere.
1151 1830 1255 1869 Inter
1273 1842 1377 1880 prae-

260 1907 369 1954 cipua
394 1906 684 1952 exemplaquae
717 1903 762 1941 ad
798 1892 914 1940 hocce
946 1901 1180 1951 probandum
1212 1898 1376 1940 afferun-

258 1985 320 2014 tur
362 1976 400 2013 in
439 1974 568 2023 primis
611 1982 669 2011 est
705 1973 809 2020 quod
842 1972 1033 2010 miracula'
1058 1972 1207 2010 divinae
1239 1979 1374 2019 poten·

255 2046 327 2085 tiae
364 2045 462 2083 haud
491 2055 620 2092 parum
653 2051 856 2090 extenuet3
909 2054 948 2081 v.
975 2054 1014 2091 g.
1053 2053 1139 2080 cum
1161 2041 1369 2083 ,historiam

253 2116 433 2154 transitus
483 2114 731 2153 [sraelitai-um
772 2125 840 2162 per
887 2124 985 2150 mare
1023 2112 1273 2161 Erythraeum
1308 2114 1370 2151 de·

253 2186 404 2233 scribit,
434 2184 513 2223 ait:
542 2196 581 2222 se
621 2183 775 2222 cuilibet
809 2183 958 2221 liberam
996 2182 1179 2222 sentiendi
1214 2184 1368 2221 faculta-

253 2264 324 2294 tem
351 2255 586 2304 permittere,
626 2265 714 2293 num
751 2253 822 2293 Dei
846 2255 1039 2292 voluntate
1075 2253 1134 2292 via
1169 2264 1236 2302 per
1267 2264 1364 2291 mare

1250 2322 1365 2361 Israe-
