1487 2703
192 137 241 172 60
415 131 1079 173 COMMENTATIO

191 253 269 282 tum
287 271 299 290 ,
328 244 431 291 quod
443 241 575 281 dicitur
603 240 646 278 de
672 240 846 279 Vricsclze
865 241 987 288 houk,
1017 241 1216 280 identidem
1239 254 1296 280 re·
1317 262 1320 265 ·

192 313 332 360 petitur
376 312 549 358 occatio,
609 311 726 348 donec
767 320 895 347 omnes
936 311 1082 358 plantae
1124 322 1302 359 apparue-

191 383 292 429 rint,
322 374 468 430 quando
505 383 708 418 resulcatur
746 388 781 416 et
807 379 908 416 omni
937 391 1024 417 cura
1046 379 1303 428 prospicitur,

193 461 353 500 utyager
389 452 495 496 talem
533 450 698 497 acquirat
731 449 1005 487 inclinationem
1026 478 1040 497 ,
1093 460 1165 497 qua
1208 460 1305 497 aqua

191 522 366 570 pluvialis
399 520 558 559 defluere
593 519 743 568 possit3
786 519 982 557 sarritione
1021 519 1078 556 vel
1118 518 1321 567 operatio·.

191 604 265 639 ne,
319 603 412 640 quae
447 591 549 635 audit
591 591 653 628 het
698 590 908 636 behakken,
957 590 1106 638 saepius
1149 588 1326 637 repetita,

194 673 321 701 omnes
348 663 462 700 malae
493 660 628 698 herbae
652 669 873 698 eruncantur
898 668 935 696 et
962 660 1163 707 depuratut
1188 670 1298 708 ager;
1322 679 1325 683 ·

196 731 327 780 sicque
350 732 494 770 tandem
520 729 620 768 venit
648 738 794 777 tempus
819 730 1015 767 messionis
1044 739 1079 767 et
1106 741 1189 768 cum
1216 730 1307 767 hoc-

196 814 238 840 ce
271 801 361 839 novi
389 801 534 838 labores
557 800 826 847 ingrediuntur.

177 860 184 868 ’
246 872 346 910 Dum
388 880 508 908 autem
541 869 700 917 spatium
751 869 934 916 quoddam
971 869 1220 916 intercurrat,
1237 896 1241 901 -
1258 868 1306 907 ab

201 942 300 980 omni
327 940 453 978 labore
487 939 668 985 liberum,
699 938 839 976 scilicet
868 950 943 985 quo
968 940 1113 986 plantae
1145 932 1309 986 florent,

198 1013 325 1059 liceat,
356 1019 398 1049 ut
424 1011 714 1057 interrumpatur
744 1009 831 1046 haec
859 1009 1038 1046 enarratio
1067 1017 1184 1057 *atque
1206 1008 1309 1057 prius

199 1093 363 1120 moneam
381 1108 394 1127 ,
422 1089 570 1127 tempus
600 1078 822 1116 maturitatis
850 1090 958 1125 quam
995 1078 1151 1116 maxime
1175 1079 1312 1127 pende-

203 1164 240 1190 re
267 1165 286 1189 a
313 1150 508 1200 speciebus
536 1158 571 1186 et
593 1148 686 1186 aetis
718 1147 1015 1195 constitutione,
1045 1149 1129 1186 dein
1157 1159 1311 1196 quoque

203 1222 381 1265 modum,
418 1231 494 1267 quo
529 1218 749 1256 auferuntur
783 1218 921 1256 Solana
955 1217 1101 1256 differre
1135 1230 1204 1266 pro
1250 1230 1327 1257 va·-

205 1292 269 1329 riis
305 1291 427 1338 locis;
466 1291 605 1328 Solana
647 1299 779 1336 nempe
808 1287 971 1326 serotina
1000 1299 1108 1336 saepe
1131 1288 1313 1327 ‘auferun-

203 1371 264 1400 tur
286 1390 300 1409 ,
338 1360 507 1409 quamvis
551 1360 664 1397 caulis
703 1368 739 1395 et
775 1357 867 1396 folia
905 1358 1024 1396 adhuc
1062 1357 1311 1407 viridescant3

203 1443 301 1471 anno
339 1438 580 1475 senescente,
642 1440 717 1477 quo
766 1430 851 1476 gelu
891 1437 1115 1465 nocturnum
1152 1428 1313 1466 incidere

202 1503 276 1551 jam
317 1501 471 1549 coepit,
511 1499 617 1537 facile
645 1498 873 1535 laederentur
896 1497 976 1545 ipsa
1002 1498 1170 1544 Solana,
1199 1509 1315 1545 quan·

206 1574 255 1610 do
280 1579 493 1620 exspectare
518 1571 697 1607 vellemus
721 1568 826 1617 signa
852 1568 1073 1606 maturitatis
1091 1596 1105 1616 ,
1132 1579 1209 1616 quo
1231 1580 1315 1617 per-

209 1642 327 1680 tinent
369 1642 527 1678 haecce:
587 1637 678 1676 folia
716 1639 939 1677 flaccescunt
986 1647 1024 1676 et
1076 1650 1160 1676 cum
1211 1641 1316 1678 caule

207 1713 391 1750 livescunt
459 1720 570 1757 atque
625 1708 895 1755 exsiccantur,
964 1707 1133 1746 defoliari
1186 1707 1317 1757 incipit

209 1784 332 1831 planta
371 1790 406 1818 et
447 1780 668 1818 delabuntur
707 1780 838 1816 baccae
861 1805 875 1825 ‚
925 1779 1055 1816 tubera
1099 1789 1183 1815 cum
1223 1778 1317 1816 radi-

209 1852 315 1890 cibus
366 1851 561 1888 cohaerere
599 1849 809 1895 desinunt,
872 1857 983 1896 atque
1013 1857 1119 1886 cocta
1157 1847 1317 1888 farinosa

212 1930 316 1960 sunt.

261 1990 450 2030 Pertinent
501 1990 639 2028 Solana
679 1990 724 2027 ad
771 1988 917 2026 fructus
945 2016 958 2035 ,
1011 1999 1167 2036 quorum
1226 2000 1319 2027 mes·

211 2064 262 2102 sis
315 2061 455 2108 magnis
506 2060 686 2108 premitur
722 2058 1028 2105 difficultatibus,
1088 2057 1197 2096 variis
1243 2070 1323 2096 mo-

164 2154 166 2157 ·
213 2134 270 2171 dis
314 2131 373 2169 hic
411 2129 650 2178 proceditur,
690 2128 749 2166 alii
782 2139 937 2166 utuntur
962 2139 1135 2174 vomere,
1176 2128 1238 2165 alii
1277 2130 1320 2165 li-

220 2213 344 2252 gone,
375 2200 476 2238 furca
493 2228 506 2247 ,
535 2201 591 2237 vel
616 2199 775 2246 denique
802 2199 1073 2244 instrumento,
1105 2200 1205 2246 quod
1230 2199 1321 2237 dici-

1238 2281 1319 2308 mus

1475 402 1487 1655 *Qu-Qum
1478 374 1487 390 .·—
1474 199 1487 354 §Fr—W&
