1544 2693
552 172 590 217 Ο
623 172 663 217 R
694 172 730 214 A
761 171 796 216 'l'
830 172 847 214 1
882 172 934 217 0.
1220 173 1275 218 1¹27

219 391 270 435 In
300 389 493 434 Clinico
532 388 829 448 Chirurgico
860 378 1162 434 Academico
1192 405 1275 435 no-

161 472 300 518 tabilis
322 472 401 518 fuit
425 486 621 516 numerus
650 480 942 531 aegrotorum,
971 473 1055 530 quiv
1071 474 1276 519 frueban-

157 564 231 605 tur
268 555 370 600 artis
405 554 557 599 auxilio
573 587 585 609 ,
620 563 661 600 et
695 557 986 601 memorabiles
1025 558 1278 603 observandi

163 655 283 690 casus
318 638 615 699 opportunitas
658 640 834 684 alumnis
879 655 966 685 non
1010 644 1136 687 semel
1171 658 1279 687 con-

160 724 279 783 tigit,
308 731 355 768 ut
386 723 535 774 exinde
571 711 731 767 fructus
775 725 965 782 egregios
1006 740 1158 786 capere
1192 742 1279 786 po-

158 807 341 863 tuerint3
366 807 550 863 itemque
572 805 616 850 in
646 807 949 859 Nosocomio
975 809 1278 855 Academico

155 891 459 952 opportunitas
490 905 576 935 non
605 890 758 945 defuit,
792 905 886 936 cum
913 893 1166 938 Medicinam
1195 894 1280 939 do-

161 977 283 1022 cendi
329 976 537 1021 internam
567 983 607 1020 et
637 976 935 1022 Obstetriciam
983 985 1141 1033 artem,
1180 987 1277 1031 *tum

156 1060 335 1105 morbos
369 1060 623 1104 observandi
662 1060 898 1118 graviores,
930 1061 1111 1119 itemque
1145 1077 1278 1121 puer-

152 1143 323 1203 perium
373 1150 414 1188 et
477 1158 794 1202 puerperarumv
827 1145 1030 1200 morbos,
1090 1146 1280 1205 aliosque

154 1234 359 1286 <aegrotos
391 1227 609 1285 ¹utrIusque
641 1243 764 1273 sexus
781 1260 792 1281 ‚
820 1228 997 1274 internis
1023 1229 1183 1275 morbis
1209 1232 1277 1275 la-

159 1312 373 1359 borantes.
402 1343 403 1346 =

155 1509 167 1526 -,
191 1518 193 1522 ,
216 1479 283 1524 De
316 1479 685 1527 Bibliotheca
727 1480 960 1536 habemus,
1008 1498 1116 1540 quae
1153 1497 1276 1542 com-

158 1577 438 1625 memoremus
471 1564 675 1609 lubenter.
728 1564 902 1624 Quippe
933 1566 1159 1611 Librorum
1188 1567 1276 1612 Ca-

156 1647 348 1705 talogus,
381 1663 405 1691 a
435 1647 676 1701 Dodtio‚
707 1647 810 1692 Viro
825 1649 1145 1706 Eruditissimo,
1166 1667 1274 1701 con,

152 1732 315 1786 fectus,
361 1745 456 1776 cum
497 1731 734 1776 Heusdii
772 1734 1031 1791 praefatione
1069 1751 1204 1796 nuper
1229 1738 1273 1781 in

157 1815 292 1860 lucem
326 1814 521 1874 prodiit.'
575 1815 652 1860 Est
691 1831 791 1861 sane
827 1818 942 1874 quod
977 1819 1076 1863 Tibi
1114 1820 1166 1865 de
1206 1820 1272 1866 his

153 1898 435 1955 gratulemur,
479 1897 660 1955 Tibique
699 1899 951 1951 Academiae
985 1910 1025 1946 et
1066 1903 1272 1948 Juvenum

155 1988 400 2026 nostrorum
441 1982 610 2027 nomine
651 1984 808 2041 gratias
849 2000 1019 2043 agamus
1038 2019 1050 2040 ,
1101 1987 1272 2047 Optime

157 2065 389 2113 Heusdil.
441 2066 509 2110 Tu
536 2066 645 2110 enim
676 2067 719 2111 in
748 2069 1037 2124 Praefatione,
1069 2071 1271 2132 Catalogo

154 2149 414 2207 praemissa,
473 2151 667 2196 latentem
724 2152 923 2198 hactenus
982 2155 1269 2204 Bibliothecae

155 2240 327 2278 nostrae
360 2233 578 2279 historiam
624 2236 857 2295 scripsisti,
902 2248 1138 2284 accuratam
1182 2243 1267 2286 fere
