1487 2703
180 200 248 234 294
398 189 428 219 Γ
460 186 492 221 (ἶ)
526 186 565 222 Μ
601 186 640 222 Μ
674 184 703 221 E
735 185 769 222 N
801 183 834 221 'l‘
864 186 894 221 Λ
925 183 960 220 Τ
987 184 1001 221 Ι
1030 183 1063 219 (⁴)

674 325 704 370 ᾗ.
760 337 796 370 4.

362 469 563 516 Abrogatio
588 469 751 514 instituti
777 468 940 505 utilitate
958 466 1035 512 sud
1059 478 1128 505 non

599 537 887 576 commendatur.

255 672 331 721 Qui
372 671 576 711 institutum
615 682 783 710 nostrum
833 672 1062 718 antiquatum
1106 667 1293 717 cupiunt,

191 742 270 780 eius
305 743 579 791 abrogationem
613 743 871 781 commendant
911 741 1068 779 utilitate
1093 739 1179 777 inde
1215 738 1295 787 spe·

197 812 322 850 tanda.
386 812 554 851 Credunt
588 811 714 859 enim,
755 820 853 849 certe
887 810 1030 860 sperant
1053 838 1067 858 ‚
1106 809 1212 857 fore,
1254 815 1299 846 ut

202 881 411 919 Homiletae
433 881 568 918 rectius
596 891 632 919 et
665 882 710 919 ad
745 881 963 928 praesentem
990 879 1042 918 rei
1068 877 1300 918 Christianae

197 950 448 987 conditionem
478 950 788 988 accommodatius
820 949 1021 988 doctrinam
1054 948 1299 987 Christianam

202 1027 416 1067 exponant3
443 1028 483 1056 ut
505 1019 714 1057 sententiam
740 1019 837 1057 suam
855 1019 1007 1057 liberius
1035 1003 1305 1068 profiteantur-‚¹

203 1098 238 1125 et
264 1097 303 1125 ut
331 1089 484 1126 habeant
510 1090 694 1127 auditores
711 1117 724 1136 ‚
753 1098 788 1127 et
818 1090 942 1138 plures
962 1118 974 1136 ‚
1010 1075 1301 1128 etlattentioreS.

255 1159 392 1196 Verum
417 1171 457 1196 ea
485 1158 666 1207 persuafio
692 1168 728 1197 et
751 1160 832 1207 spes
859 1159 949 1196 mihi
973 1170 1049 1196 non
1082 1158 1167 1198 satis
1200 1159 1303 1197 firma

206 1228 373 1265 videtur:
403 1236 468 1275 et,
495 1228 667 1275 siqnidem
691 1230 827 1277 optatis
856 1230 1094 1278 responderet
1121 1237 1304 1277 eventus,

207 1298 294 1334 haec
324 1297 463 1335 utilitas
493 1299 609 1335 multo
631 1298 785 1337 minoris
810 1298 901 1336 esset
928 1299 1167 1347 aestimanda,
1195 1310 1304 1346 quam
1340 1338 1343 1343 ,

208 1379 301 1414 quae
329 1378 373 1406 ex
400 1367 567 1406 instituto
598 1367 811 1406 conservato
837 1369 1029 1407 redundat.

257 1437 444 1484 Primum,
472 1438 560 1475 mihi
581 1439 743 1475 nondum
782 1438 1006 1486 persuadeo,
1033 1438 1195 1485 fingulos
1227 1437 1307 1475 Ho-

210 1507 350 1544 miIetas
384 1506 583 1543 doctrinam
611 1506 858 1544 Christianam
902 1507 1036 1545 rectius
1062 1515 1099 1545 et
1128 1508 1172 1545 ad
1209 1519 1312 1556 prae-

210 1574 344 1613 sentem
382 1575 603 1623 reipublicae
633 1576 862 1614 Christianae
887 1577 1135 1615 conditionem
1169 1588 1312 1615 accom-

213 1645 396 1684 modatius
422 1644 653 1693 expofituros
681 1647 780 1693 esse,
807 1656 948 1684 remoto
973 1646 1197 1685 Catechismi
1229 1645 1311 1686 usu.

214 1714 297 1752 Nec
331 1726 390 1752 me
421 1715 587 1763 poenitet
628 1727 781 1761 eorum,
811 1727 904 1762 quae
938 1717 982 1754 de
1015 1715 1125 1753 huius
1149 1716 1200 1753 rei
1222 1716 1318 1754 diffi-

215 1784 351 1821 cultate
377 1783 525 1832 scripsi,
541 1796 578 1832 p.
610 1786 774 1833 83—86.
828 1785 1029 1834 Quotquot
1055 1797 1140 1823 vero
1165 1788 1206 1825 ea
1233 1786 1317 1824 sunt

218 1852 417 1900 facultate,
447 1862 487 1891 ut
512 1852 675 1901 possint,
692 1865 821 1902 ¹eoque
845 1855 992 1901 animo,
1024 1864 1074 1905 ut*
1090 1855 1202 1894 velint
1218 1885 1230 1904 ‚
1256 1855 1316 1893 his

1237 1938 1319 1974 par·

224 2016 339 2050 qualem
371 2015 434 2051 ipse
466 2015 583 2051 pinxit,
613 2016 642 2045 in
675 2017 823 2045 Oratione
844 2017 879 2045 dc
906 2018 1047 2054 Theologo
1075 2026 1145 2046 vere
1171 2019 1318 2056 liberali,

225 2073 319 2106 Lugd.
341 2074 404 2102 Bat.
424 2077 508 2107 18¹5·
531 2075 618 2102 huius
634 2073 725 2108 igitur
739 2073 847 2109 scripta
863 2076 998 2109 legantur
1014 2074 1045 2103 in
1066 2075 1323 2112 Encyclapaediaar

225 2130 416 2165 Tleeologfcae
444 2130 601 2165 Epiruma,
631 2128 658 2163 S.
681 2139 730 2166 91·
767 2131 923 2159 Addantur
939 2139 992 2166 ea,
1013 2138 1108 2167 quae,
1132 2132 1168 2160 de
1190 2133 1273 2160 tecta
1293 2140 1323 2161 et

225 2185 346 2220 obliqua
366 2185 548 2213 refutatione
566 2187 594 2215 in
616 2187 806 2216 Orationibus
826 2188 913 2216 fiacr-is
929 2189 1092 2224 usurpanda
1104 2209 1114 2225 ,
1142 2189 1259 2218 monuit
1275 2192 1323 2218 W.

231 2243 266 2269 A.
293 2249 363 2270 vau
386 2243 411 2270 H
426 2245 562 2277 engcl‚
593 2242 621 2270 in
644 2244 838 2277 Institutione
858 2246 1002 2273 Oratoris
1015 2247 1113 2281 fiteri-
1134 2242 1181 2284 §§.
1202 2248 1329 2284 66-690.
