1544 2693
464 195 1056 235 THEOLOGICA.
1271 207 1317 245 53

189 305 292 356 gaiis
317 304 447 343 diebus
480 305 676 343 dominicis
702 305 760 342 bis
783 305 826 343 ad
854 305 1003 353 publice
1026 305 1218 343 dicendum
1246 316 1313 342 vo-

185 384 320 413 cantur
336 402 349 421 ,
377 376 488 413 toties
508 376 570 413 vix
603 376 793 413 invenient
809 383 1062 423 argumentum
1080 403 1091 421 ‚
1119 374 1203 411 huic
1223 375 1306 412 ioco

187 443 444 492 praesentique
471 444 631 492 tempori
658 445 812 492 proprie
851 456 891 482 ac
938 444 1134 492 praecipue
1164 456 1306 482 accom-

189 515 393 552 modatum.
448 515 563 564 Quod
581 515 613 552 si
640 515 855 561 inveniant,
894 522 1073 562 poterunt
1096 526 1148 552 ‘eo
1184 514 1239 551 uti
1267 515 1305 552 in

187 592 377 622 conventu
397 585 697 623 antemeridiano.
751 585 864 622 Nulla
898 596 987 622 vero
1011 596 1094 632 pars
1115 582 1306 623 doctrinae

187 653 422 691 Christianae
453 653 502 690 ita
526 653 700 690 abhorret
732 665 752 690 a
779 651 958 700 temporis
991 653 1142 700 locique
1177 653 1305 690 condi-

185 723 316 770 tione,
344 733 386 760 ut
417 722 567 771 prorsus
597 723 720 770 inepta
755 731 817 759 aut
850 722 1063 770 importuna
1105 722 1177 759 dici
1213 733 1302 769 pos·
1341 765 1345 772 ,

183 791 246 830 sit.
300 792 573 838 Saepenumero
596 801 770 838 perquam
794 790 862 827 erit
882 798 1110 838 opportuna.
1154 787 1221 827 Sin
1237 800 1301 826 au-

182 870 253 899 tem
275 863 471 909 aliquando
496 861 538 900 fit
563 861 684 900 minus
709 871 814 910 apta,
843 862 986 900 laudem
1009 862 1120 899 toties
1147 862 1301 899 merebi-

181 941 241 970 tur
267 932 480 976 Homileta‚
518 932 667 980 quoties
694 932 853 980 tempori
878 932 1010 970 cedens
1038 932 1194 969 huiusce
1216 943 1298 979 par·

179 1002 228 1055 tis
257 1002 512 1039 tractationem
542 1002 579 1039 in
604 1002 699 1039 diem
729 1001 882 1040 Domini
916 1001 1198 1049 subsequentem
1224 1000 1297 1040 dif-

177 1072 264 1110 fert.
319 1070 448 1119 Atque
473 1072 535 1117 id,
563 1071 601 1109 in
624 1072 812 1120 plerisque
836 1072 973 1119 patriae
999 1080 1147 1109 nostrae
1177 1072 1297 1109 coeti*

176 1141 248 1178 bus
280 1149 467 1188 receptum
496 1150 580 1188 est,
618 1141 749 1178 diebus
791 1140 896 1178 festis
929 1139 1204 1187 anniversariis,
1254 1150 1289 1178 et

174 1211 313 1258 quibus
341 1221 441 1248 sacra
466 1221 578 1248 coena
611 1211 846 1257 celebratur,
873 1219 937 1248 aut
963 1221 1086 1247 novus
1116 1212 1287 1259 Euange-

171 1280 210 1318 lii
239 1281 419 1328 interpres
444 1279 688 1328 inauguratur
721 1279 904 1326 suumque
934 1290 1069 1316 munus
1096 1278 1184 1317 adit.

668 1432 707 1479 ς.
749 1433 786 1470 6.

544 1577 711 1627 Instituti
737 1579 905 1627 degfenfim

217 1727 468 1767 Laudavimus
492 1728 697 1766 institutum
718 1758 730 1776 ‚
758 1741 834 1777 quo
856 1729 1022 1768 doctrina
1039 1731 1252 1771 Christiana
1267 1762 1278 1779 ‚

167 1799 321 1838 definito
343 1799 468 1846 aliquo
494 1799 648 1846 ordine,
678 1811 745 1847 pro
762 1801 942 1838 concione
963 1802 1175 1849 exponitur.
1207 1805 1280 1843 Sed

166 1881 291 1918 parum
332 1870 420 1906 haec
455 1870 589 1907 valebit
612 1870 803 1915 laudatio,
832 1871 896 1909 nisi
933 1873 1038 1909 etiam
1061 1875 1281 1921 respondea-

1220 1955 1283 1983 tur

163 2042 258 2075 stione
278 2035 386 2070 amica:
411 2042 533 2069 Zouden
557 2044 614 2077 wis
634 2044 790 2071 Dianam-s
807 2065 816 2079 ‚
840 2045 1007 2072 Predikers
1024 2056 1082 2074 van
1102 2047 1152 2074 het
1171 2048 1279 2075 Euan·

161 2100 240 2134 gene
255 2117 264 2132 ,
282 2107 355 2127 onze
376 2098 543 2136 prediking
568 2102 634 2128 niet
650 2103 794 2136 nutrt'ger
810 2110 846 2128 en
872 2103 1120 2130 vruchtbaarder
1147 2115 1219 2132 νοον
1239 2107 1273 2133 de

169 2157 326 2184 Gema-nte
346 2159 464 2185 kunnen
483 2157 731 2186 maken?inserta
752 2159 819 2186 Vol.
847 2160 903 2187 111.
928 2160 996 2187 libri
1020 2169 1034 2187 a
1047 2163 1095 2190 Cl.
1119 2162 1189 2190 Ioc!
1203 2172 1279 2192 oco-

166 2213 189 2239 H
201 2213 334 2248 eringa
348 2215 404 2249 ‚E.
418 2215 451 2243 F.
471 2214 757 2250 editi‚1<erkelijke
785 2217 990 2253 Raadvrager
1015 2227 1049 2245 en
1071 2219 1254 2256 Raadgc‘vcr
1266 2242 1282 2256 9.

166 2269 246 2299 Trai.
269 2271 304 2299 ad
323 2272 421 2301 Rhen.
445 2276 535 2301 1828·
556 2278 575 2304 Ρ
615 2282 752 2310 23-29.
