1487 2703
216 151 260 197 58
446 145 1111 187 COMMENTATIO

215 257 379 304 Eandem
401 255 480 294 fere
497 255 710 294 methodum
746 256 784 293 in
811 256 967 295 Gallieia
992 266 1200 305 sequuntur
1216 286 1229 306 ,
1253 257 1324 308 (1)

214 334 252 364 et
303 337 457 374 quoque
492 326 531 364 in
574 326 690 374 patria
723 336 851 365 nostra
887 336 1165 375 nonnumquam
1211 328 1326 367 simili

215 397 327 435 modo
349 405 489 444 agunt,
518 397 544 435 i.
573 408 607 434 e.
635 408 721 445 ager
744 397 782 434 in
809 397 987 445 pulvillos
1006 398 1113 444 quasi
1136 398 1321 446 vertitur,

216 467 364 513 quando
397 475 569 504 aestatem
604 466 814 515 pluviosam
851 475 1091 515 exspectant,
1118 469 1178 506 vel
1205 468 1247 506 fit
1282 469 1321 507 in

214 537 320 574 terris
361 536 563 585 argillaceis
605 537 949 585 compactioribus‚
998 549 1044 576 ne
1099 537 1212 576 nimia
1254 539 1325 576 hu-

212 606 375 645 miditate
420 607 565 645 Solam‘s
611 618 730 645 noxae
780 607 1010 656 afferantur3
1060 617 1325 656 praeparantur

211 677 354 715 scilicet
390 679 494 727 agri,
536 678 585 715 ita
631 686 673 715 ut
715 690 734 715 a
776 678 968 717 nonnullis
1009 678 1243 717 elaborentur
1287 687 1325 717 et

212 757 464 785 stercorentur
497 757 675 785 autumno
692 776 706 794 ‚
733 748 819 785 dum
844 748 890 785 ab
915 747 996 786 aliis
1022 749 1168 785 demum
1192 747 1326 786 subse-

213 827 349 866 quente
381 828 467 855 vere
488 817 704 854 stercoratio
730 816 947 855 instituatur
963 829 989 873 ;ἱ
1004 815 1210 855 formantur
1235 817 1321 855 dein

210 887 357 935 pulvilli
386 896 499 935 atque
523 895 770 925 conseruntur
797 887 936 925 Solana
956 886 995 924 in
1015 886 1159 935 foveis;
1187 896 1320 926 occant

211 966 248 994 et
271 965 443 1005 repetunt
466 957 697 994 sarritionem
713 984 727 1004 ‚
756 957 905 1004 quoties
937 959 1031 996 mala
1056 957 1170 996 herba
1196 957 1324 1006 requi-

212 1027 274 1065 rit.
297 1028 366 1077 (α)

259 1097 303 1135 In
329 1097 497 1135 Flandria
529 1098 748 1145 plerumque
795 1096 943 1134 obtinet
974 1098 1118 1135 cultura
1143 1096 1182 1134 in
1214 1107 1322 1146 regu·

205 1168 280 1213 lis,
318 1169 378 1205 vel
414 1168 446 1204 si
473 1167 641 1205 siccioris
669 1166 807 1205 indolis
847 1176 937 1205 sunt
975 1167 1080 1216 agri,
1104 1166 1318 1216 pectinatim

207 1245 382 1284 arantur,
411 1237 439 1276 i.
460 1249 494 1275 e.
534 1237 572 1274 in
606 1237 813 1284 pulvillos,
841 1248 1001 1284 quorum
1036 1236 1156 1276 foveis
1177 1238 1326 1288 interja-

208 1307 379 1344 centibus
423 1307 562 1344 Solam
600 1307 876 1354 imponuntur,
929 1315 1040 1354 atque
1077 1315 1241 1345 stercore
1284 1317 1321 1345 et

208 1376 375 1425 pulvillis
400 1375 492 1424 ipsis
522 1376 764 1423 obteguntur.
794 1375 863 1424 (3)

256 1447 421 1497 Quoque
465 1446 503 1482 in
536 1445 676 1483 nostris
699 1445 858 1482 coloniis
883 1443 1130 1482 Veenhuizen
1158 1454 1195 1482 et
1231 1445 1322 1483 Om—

206 1517 416 1556 merschans
472 1516 649 1554 Solanam
712 1515 921 1553 tuberosum
977 1515 1196 1563 plerumque
1254 1527 1320 1553 co-

204 1589 292 1626 litur
328 1589 367 1626 in
418 1586 584 1636 regulis,
620 1597 737 1634 aeque
776 1596 816 1623 ae
862 1585 899 1622 in
930 1583 1087 1631 Gellia,
1135 1585 1224 1635 (ubi
1259 1597 1317 1624 re-

203 1661 310 1707 gulae
355 1658 467 1708 Tylen
524 1658 581 1694 vel
635 1656 667 1694 T
665 1657 766 1694 uilen
818 1654 1017 1702 dicuntur)
1068 1656 1244 1694 Zelandia
1282 1666 1319 1695 et

205 1728 344 1778 Frisia3
384 1728 464 1766 aliis
508 1735 630 1765 autem
676 1725 772 1764 locis
811 1725 1002 1775 speciatim
1047 1726 1171 1775 ligone
1207 1735 1322 1766 utun-

204 1812 282 1841 tur·
306 1799 376 1848 (4)

256 1871 299 1909 In
322 1869 440 1908 Frisia
461 1869 632 1915 tandem,
662 1867 726 1904 ubi
750 1867 863 1915 hujus
888 1867 1032 1914 plantae
1059 1867 1204 1906 cultura
1222 1878 1320 1905 sem-

1235 1949 1318 1986 per·

240 2005 291 2042 (ι)
314 2007 421 2032 oecon.
446 2003 584 2039 Neur'gk.
611 2006 695 2035 1825.
714 2005 757 2029 n0.
788 2010 814 2033 ς.
836 2009 903 2035 pag.
927 2010 976 2036 33.

240 2064 293 2099 (2)
314 2064 395 2090 Von
416 2062 624 2098 Schwerz,
644 2061 666 2089 1.
690 2068 717 2088 c.
743 2061 823 2087 Band
848 2060 885 2088 ll.
907 2066 975 2093 pag.
999 2061 1065 2092 631.

241 2122 293 2155 (3)
313 2122 336 2148 l.
358 2121 404 2153 1.‚
427 2126 494 2152 pag.
524 2122 590 2154 629·

238 2177 291 2214 (4)
311 2178 359 2205 CI.
382 2176 574 2209 putsche,
596 2177 616 2203 1.
642 2183 669 2202 c.
697 2178 752 2209 88,
776 2182 804 2201 et
823 2173 854 2201 tle
886 2173 1003 2201 Vricnd
1026 2172 1075 2200 des
1102 2170 1312 2208 Vudcrlands,

199 2235 241 2263 D.
264 2233 315 2264 Vl.
336 2239 402 2268 pag.
426 2236 493 2266 278.
