1487 2703
214 184 262 226 64
431 177 1098 218 COMMENTATIO

212 287 273 324 tali
314 285 542 333 decerptioni
581 287 692 324 semel
727 286 961 325 subsecutam
999 287 1116 326 fuisse
1160 299 1317 329 messem

207 368 276 404 pro
306 359 329 407 ὲ
353 366 456 404 parte
493 357 538 393 ad
564 365 724 394 auctam.
779 357 962 406 Mevero
989 358 1118 396 docuit
1154 358 1318 398 Thaer

206 427 316 464 simul
347 438 431 463 curn
473 425 632 464 floribus
672 427 802 464 tubera
841 426 1021 474 formari,
1049 428 1164 477 igitur
1187 429 1320 468 absur-

208 498 293 535 dum
331 507 412 533 esse
450 496 627 534 deflorare
661 498 836 544 plantas,
865 506 907 534 ut
939 506 1135 546 augeretur
1158 509 1320 547 proven-

195 576 282 606 ·tus.
337 568 533 604 Caeterum
557 567 744 614 quidquid
774 567 846 614 sit,
874 578 950 604 non
977 568 1087 615 potui
1119 569 1211 615 quin
1240 569 1320 608 ani-

203 638 466 675 madverterem
496 637 635 674 Solana
669 637 886 684 praecocia,
918 648 1011 684 quae
1049 638 1198 686 saepius
1231 639 1317 676 nul-

204 710 262 745 los
289 706 486 756 proferunt
507 706 646 753 flores,
676 717 786 754 quam
813 718 890 744 rem
916 707 1091 756 deinceps
1129 707 1314 756 explicare

204 779 385 817 conabor.

251 849 367 898 Quod
381 849 505 896 itaque
532 849 577 886 ad
598 847 920 886 conservationem
940 861 950 886 :
969 859 1097 886 omnes
1114 859 1314 896 processus

203 921 342 968 quibus
368 920 468 957 calor
489 919 625 956 nimius
641 947 654 964 ‚
681 918 883 956 humiditas
901 927 936 955 et
959 920 1043 966 gelu
1068 928 1313 966 avertuntur,

205 989 293 1027 huic
330 1001 450 1038 scopo
485 989 664 1027 inservire
701 997 889 1036 possunt;
942 988 1155 1036 praesertim
1192 997 1314 1027 autem

200 1059 402 1105 convenit,
430 1068 473 1096 ut
499 1059 658 1106 primum
690 1058 735 1096 ab
767 1059 869 1095 omni
900 1057 1131 1095 immunditie
1157 1057 1315 1097 liberen-

200 1138 262 1165 tur
300 1128 465 1175 Solana,
519 1140 641 1176 neque
677 1128 753 1166 sint
802 1137 959 1165 contusa
1002 1128 1061 1165 vel
1096 1129 1313 1176 congelata,

199 1198 394 1246 nequidem
429 1210 449 1236 a
471 1200 595 1247 planta
632 1199 824 1247 congelata
856 1199 1050 1244 desumta,
1077 1206 1184 1236 caute
1203 1205 1315 1237 Lamo-

201 1279 357 1308 veantur
387 1269 472 1307 dum
511 1268 574 1306 alii
608 1269 760 1316 insuper
793 1269 1053 1306 commendant
1117 1277 1158 1306 ut
1205 1267 1308 1317 prius

202 1339 459 1387 exstinguatur
495 1339 552 1376 vis
601 1338 837 1387 germinans,
876 1349 985 1385 quem
1020 1337 1058 1375 in
1092 1337 1202 1394 finern
1231 1336 1312 1376 suf-

201 1409 307 1454 ficit,
350 1417 390 1446 ut
423 1420 489 1456 per
511 1418 619 1455 4-5
659 1408 820 1445 minutas
864 1407 1071 1453 secundas,
1111 1407 1166 1444 in'.
1188 1407 1314 1445 corbi·

199 1479 270 1517 bus
308 1489 403 1526 aqua
435 1477 635 1515 ebulliente
661 1478 948 1526 immergantur3
975 1471 1046 1527 (ι)
1077 1477 1310 1516 aiii'modico

197 1547 361 1586 fornacis
394 1548 507 1585 calori
539 1548 698 1596 primurn
744 1548 926 1586 exsiccata
963 1557 1111 1586 servant
1143 1548 1183 1585 in
1215 1549 1314 1587 vasi-

195 1619 266 1656 bus
293 1618 406 1656 foeno
433 1619 493 1656 vel
517 1617 620 1655 foliis
642 1618 840 1666 exsuccis3
869 1618 1035 1656 cavernis
1056 1603 1194 1656 'autem
1220 1618 1312 1657 sub-

193 1689 366 1727 terraneis
418 1688 565 1736 saepius
602 1696 899 1733 conservantur,
950 1689 1016 1726 sed
1062 1687 1119 1726 his
1166 1687 1310 1737 praefe-

197 1759 299 1797 rendi
337 1759 511 1796 videntur
547 1758 695 1805 acervi,
745 1758 842 1806 quia
870 1758 1058 1806 prioribus
1100 1758 1218 1807 frigus
1251 1760 1310 1798 vel

198 1829 346 1878 pluviae
384 1828 529 1867 facilius
574 1828 743 1867 accedere
779 1837 970 1876 possunt3
997 1829 1181 1866 interdum
1219 1830 1310 1868 tales

198 1911 373 1937 cavernae
398 1900 444 1937 ad
474 1899 654 1948 insignem
678 1898 968 1947 profunditatem
997 1900 1068 1937 sub
1103 1909 1198 1937 terra
1219 1910 1310 1938 con-

198 1979 421 2017 struuntur,
462 1969 641 2018 imprimis
679 1970 752 2007 hoc
787 1968 933 2006 obtinet
970 1969 1009 2007 in
1047 1969 1204 2017 Suecia‚
1244 1971 1309 2009 ubi

198 2053 263 2090 per
282 2039 477 2078 fenestram
518 2049 554 2078 et
584 2041 701 2078 scalas
735 2040 773 2077 in
808 2050 867 2077 eas
894 2039 1150 2087 descendunt,
1177 2049 1311 2088 tegun-

1248 2119 1312 2147 tur

233 2207 290 2244 (ι)
307 2207 415 2235 Oecon.
440 2206 577 2242 Neuigk.
610 2210 695 2238 1829,
722 2205 768 2233 110.
800 2213 851 2235 2¹.
876 2213 942 2241 pag.
971 2207 1038 2234 168.
1064 2212 1094 2232 et
1119 2205 1310 2239 Putsciiffi,

237 2271 254 2293 c
285 2271 350 2299 pag.
371 2271 425 2292 ’.τοι
