1544 2693
538 151 917 198 ORATIO.
1224 143 1282 189 25

184 291 300 337 vistis
344 304 433 334 eum
453 321 463 341 ‚
513 303 633 345 quem
678 285 915 330 Guilielmus
959 298 982 326 a
1017 280 1286 326 concionibus

184 374 267 419 sibi
297 373 484 424 vocavit,
523 370 885 415 Franciscum
910 367 1021 410 illum
1048 364 1288 412 Iunium,

185 457 503 509 Ecclesiastem‚
525 462 644 513 gente
672 454 831 512 pariter
859 459 898 495 et
927 449 1064 494 animo
1080 446 1262 491 nobilem
1278 476 1290 496 ,

189 555 266 587 nec
287 555 383 586 vero
403 539 559 591 minus,
587 538 657 595 qui
675 535 858 594 Principi
881 531 1199 578 Ecclesiasticus
1214 529 1291 574 suit

189 624 345 669 aulicus
358 655 370 676 ,
393 623 428 666 V
441 623 532 666 ille
544 637 565 664 r
577 620 619 664 si
631 636 657 664 u
669 636 710 663 m
723 651 735 673 ‚
763 618 964 677 sapientia
982 632 1075 661 cum
1093 614 1262 675 politica
1279 644 1291 666 ,

192 716 279 753 tum
301 704 598 754 ecclesiastica,
627 702 855 759 insignem3
887 700 1013 744 ambo
1032 699 1196 758 pietatis
1220 713 1293 741 re—

191 792 399 848 liquerunt
422 788 620 846 exempla.
647 807 699 815 *-
726 786 782 829 At
809 784 937 829 hosce
963 783 1185 826 mittamus.
1246 781 1295 824 ln

193 872 428 933 Republica
458 886 549 915 eam
578 869 836 929 potissimum
873 875 1134 926 spectamus,
1188 879 1297 922 qua-

193 965 369 1018 propter
383 971 431 1000 ex
448 962 564 1000 tanta
576 954 857 1012 exemplorum
873 952 995 1010 copia
1007 965 1134 995 unum
1150 948 1298 995 etiam-

195 1054 307 1086 nunc
337 1040 515 1085 excitare
553 1039 673 1091 liceat
715 1035 869 1088 virum,
906 1035 971 1078 cui
1007 1034 1050 1077 in
1082 1029 1299 1078 condenda

195 1125 431 1182 tuendaque
461 1121 694 1182 Republica
719 1136 821 1180 prae
849 1120 995 1166 ceteris
1020 1119 1198 1179 plurima
1222 1117 1299 1161 de-

197 1211 299 1254 bent
340 1214 546 1252 nostrates
567 1223 578 1260 3
624 1205 696 1262 qui
744 1202 948 1247 Guilielmi
1002 1209 1090 1246 erat
1144 1201 1301 1244 amicus

197 1291 512 1350 integerrimus,
554 1287 722 1347 politica
761 1285 1009 1346 prudentia,
1051 1285 1199 1343 agendi
1230 1300 1303 1327 ar-

200 1378 331 1430 dore,
367 1375 577 1418 indefesso
611 1372 780 1424 labore,
824 1371 972 1415 virtute
1009 1369 1178 1413 militari
1218 1382 1304 1412 non

201 1460 338 1504 minus
363 1458 637 1516 conspicuus,
674 1470 799 1512 quam
830 1453 983 1513 pietate
1020 1467 1116 1497 vere
1157 1451 1306 1495 Chris-

203 1544 337 1589 tiana:
362 1540 666 1599 Philippus
693 1539 777 1582 Ma
794 1537 1013 1580 rnixius
1030 1568 1041 1589 ‚
1069 1540 1122 1578 de
1141 1538 1305 1579 Sancto

203 1629 252 1672 A
255 1627 523 1682 ldegondias
541 1629 625 1670 (14).

262 1795 397 1839 Nemo
412 1791 530 1835 facile
544 1797 731 1833 nostrum
748 1795 834 1841 est,
863 1787 961 1844 quin
979 1787 1112 1833 virum
1131 1785 1312 1841 huncce,

206 1880 251 1924 in
296 1878 421 1923 rebus
460 1874 639 1936 politicis
672 1872 966 1925 exercitatum,
997 1872 1169 1917 noverit.
1229 1872 1313 1930 Qui
1354 1856 1356 1858 v

210 1964 317 2010 enim
350 1978 375 2006 a
403 1960 592 2005 Foedere
624 1958 820 2003 dictando
862 1955 1070 2001 Nobilium
1109 1956 1152 1999 in
1186 1957 1311 2000 rebus

209 2047 408 2112 gerundis
462 2043 641 2105 politicis
684 2042 844 2086 initium
887 2041 1059 2086 duxerat
1106 2046 1201 2093 (15),
1243 2040 1312 2084 hic

210 2149 403 2195 magnam
430 2145 529 2176 sane
560 2130 612 2173 de
640 2144 683 2172 se
712 2126 1061 2186 exspectationem
1089 2124 1311 2170 excitabat.

209 2222 299 2268 Nec
321 2220 486 2264 frustra.
527 2214 669 2259 Nullae
690 2212 796 2257 enim
819 2211 996 2269 agitatae
1011 2211 1175 2255 fuerunt
1193 2210 1246 2253 ab
1263 2224 1312 2253 eo
