1487 2703
463 183 902 230 JURIDICA.
1207 187 1256 233 69

186 288 374 330 Acerrime
400 291 567 340 inprimis
601 293 668 331 hac
698 293 742 331 de
766 303 806 331 re
831 293 1067 341 disputarunt
1101 291 1212 332 Tou
1225 297 1256 333 l·

135 360 322 400 lierius
354 371 390 399 et
418 363 692 400 Dux-anton
718 362 801 411 (1).

141 470 147 478 „
185 431 492 469 Toullieriu
508 444 525 470 s
549 442 644 469 onus
665 432 874 479 probandi,
890 430 1154 479 obligationem
1168 444 1256 472 cau·

133 512 208 538 sam
235 512 313 538 non
349 501 551 549 habuisse,
588 499 706 539 defert
729 501 922 548 debitori,
951 502 1250 549 quandoquidem

133 571 361 620 extarticulo
394 583 505 620 1132.
545 570 663 608 oritur
693 570 946 618 praesumtio,
982 566 1253 618 obligationem

134 641 440 689 qualemcumque
469 641 604 690 justam
626 652 777 678 causam
805 640 964 685 habere,
998 642 1117 678 donec
1157 651 1251 678 con-

132 710 283 749 trarium
322 711 520 757 probatum
559 710 622 748 sit.
676 709 752 759 Qui
792 718 913 747 autem
941 709 978 747 in
1006 721 1114 747 suum
1148 710 1254 748 favo-

132 790 208 817 rem
250 779 359 817 habet
393 780 483 827 legis
517 779 677 826 aliquam
726 778 1010 826 dispositionem
1049 789 1113 816 aut
1149 791 1256 827 prae·

130 848 375 895 sumtionem,
405 848 506 886 omni
533 848 699 887 ulteriori
719 848 942 896 probatione
962 848 1139 888 liberatur
1166 849 1252 898 (ε).

179 917 404 956 Dubitamus
435 928 556 957 tamen
573 947 588 965 ‚
611 930 657 956 an
685 926 784 957 recte
822 918 878 956 sic
912 918 1078 967 disputet
1096 947 1109 967 ,
1138 931 1253 968 quum

130 988 334 1026 secundum
379 997 542 1026 nostram
589 987 805 1036 opinionem
850 999 895 1026 ex
934 988 1093 1026 articulo
1137 1000 1252 1038 1132.

129 1058 223 1095 nihil
242 1058 342 1096 aliud
370 1068 573 1113 sequatur,
602 1057 679 1096 nisi
708 1059 812 1106 quod
835 1058 1015 1106 obligatio
1044 1070 1121 1097 non
1150 1061 1251 1098 nulla

131 1127 180 1165 sit
218 1136 442 1177 propterea,
471 1127 573 1175 quod
598 1138 707 1165 causa
735 1129 813 1177 ejus
845 1127 883 1166 in
920 1129 1170 1168 conventione
1194 1142 1257 1168 ex-

131 1209 256 1247 pressa
280 1209 357 1235 non
381 1197 444 1236 sit,
499 1198 601 1235 Haec
627 1207 715 1236 sunt
749 1198 829 1245 ipsa
857 1198 1001 1236 articuli
1030 1199 1142 1236 verba
1167 1199 1251 1248 (3).

129 1266 261 1304 Potius
296 1276 386 1304 vero
410 1277 493 1302 cum
526 1267 742 1304 Durantone
767 1266 950 1304 credimus
983 1278 1027 1305 ex
1052 1278 1125 1315 eo,
1151 1268 1254 1314 quod

129 1337 307 1385 obligatio
346 1338 425 1373 sine
458 1347 566 1373 causa
605 1336 706 1373 nulla
740 1335 814 1382 sit,
844 1336 980 1384 sequi,
1019 1348 1128 1384 eam,
1180 1338 1255 1376 nisi

127 1418 237 1444 causa
271 1417 442 1453 expressa
466 1405 542 1453 sit,
568 1414 632 1443 aut
659 1405 729 1449 alio
761 1407 872 1444 inodo
900 1406 1109 1454 probetur,
1146 1409 1250 1455 quod

129 1488 196 1524 per
238 1476 432 1514 articulum
480 1487 591 1523 1132.
635 1476 745 1521 licet,
799 1476 938 1513 censeri
982 1487 1059 1514 non
1106 1477 1248 1515 adesse.

129 1546 362 1593 Enimvero,
407 1558 519 1593 quum
552 1558 571 1583 a
603 1554 731 1583 neutra
761 1554 864 1594 parte
891 1548 1118 1594 praesumtio
1154 1549 1251 1597 lega-

129 1618 176 1655 lis
206 1617 325 1662 adsit,
353 1617 441 1654 haec
479 1616 661 1653 mittimus
695 1627 735 1653 ac
769 1616 956 1664 pergimus
990 1617 1033 1654 ad
1072 1617 1159 1656 alias
1195 1629 1252 1656 ra-

99 1723 103 1727 .
131 1689 277 1733 tiones,
306 1697 399 1734 quae
427 1697 497 1723 nos
522 1687 566 1723 ad
596 1687 742 1724 alteram
777 1686 990 1734 opinionem
1027 1689 1252 1736 amplecten-

132 1759 212 1798 dam
241 1756 409 1805 inprimis
446 1765 671 1802 moverunt‚
701 1767 854 1803 quarum
894 1757 1004 1796 altera
1041 1758 1173 1797 nititur
1200 1760 1253 1797 le-

1191 1830 1248 1877 gis

171 1961 222 2000 (1)
243 1963 450 1997 Toullier,
475 1965 497 1992 l.
525 1966 547 1993 l.
575 1964 626 1992 η’).
657 1973 730 1998 1753
753 1965 982 1998 Dux-anton,
1004 1966 1024 1992 1.
1042 1966 1065 1994 ι.
1094 1963 1143 1993 11⁰.
1161 1970 1252 1998 307..

133 2019 185 2047 ubi
210 2019 318 2048 breves
342 2027 453 2048 tantum
480 2027 558 2049 sunt.
602 2022 714 2049 Verum
741 2021 938 2055 Pailliet,
966 2023 988 2050 1.
1016 2023 1038 2050 l.
1074 2027 1129 2050 art.
1165 2029 1250 2055 1132.

133 2073 184 2104 η’.
206 2083 233 2109 5.
253 2075 385 2111 integros
404 2077 508 2105 retulit
523 2085 627 2105 eorum
645 2080 753 2114 locos,
769 2080 828 2106 huc
844 2085 1034 2112 spectantes·

172 2132 222 2170 (α)
244 2132 314 2161 vid.
338 2141 392 2162 art.
413 2136 437 2163 C
471 2136 508 2163 C.
535 2133 621 2168 13'52.

173 2187 227 2224 (3)
247 2189 397 2224 Exceptio
422 2196 520 2219 tamen
545 2198 589 2219 est
615 2191 645 2219 in
671 2192 773 2226 specie
799 2200 981 2227 memorata,
1003 2200 1056 2221 art.
1077 2195 1146 2227 633.
1169 2192 1246 2220 cod.

136 2245 225 2273 eom.
