1487 2703
244 189 318 226 266
468 186 1130 227 COMMENTATIO

245 299 313 337 ego
340 288 428 326 hanc
455 288 720 338 longitudinem
753 287 962 337 fimpliciter
997 293 1122 332 laudo.
1174 293 1230 333 Ea
1254 306 1343 334 vero

242 359 418 401 minorem
444 368 540 397 creat
567 360 770 397 molestiam
788 387 801 406 ‚
831 360 869 397 in
894 360 1081 401 doctrinae
1108 363 1343 404 Christianae

239 427 495 481 expositione,
524 440 618 477 quae
656 429 695 467 in
732 429 982 469 conventibus
1019 431 1181 480 publicis
1216 433 1260 473 fit
1296 434 1343 473 ab

239 496 461 542 Homiletis,
498 509 607 546 quam
645 498 682 537 in
708 500 851 546 privata
878 499 1067 539 rudiorum
1099 501 1341 542 institutione.

237 566 343 610 Huic,
372 576 492 605 autem
530 569 721 606 molestiae
765 569 945 608 tollendae
982 569 1198 609 laudabilem
1237 572 1347 610 dede-

233 647 320 675 runt
355 648 502 686 operam
519 665 533 683 ‚
560 646 597 675 et
633 636 700 688 ipfi
726 638 905 685 Palatini,
933 650 968 677 et
996 640 1170 689 deinceps
1203 640 1349 689 Synodi

233 707 491 746 Dordracenae
517 707 673 753 Patres,
700 707 836 757 aliique
863 708 955 747 bene
983 710 1106 748 multi.
1136 710 1203 760 (r)

282 778 451 817 Clamant
473 778 582 816 etiam
620 778 846 821 Catechismi
881 780 1151 827 vituperatores
1192 779 1237 818 de
1275 780 1343 817 ob·

232 847 403 887 scuritate
436 848 542 894 eius,
571 850 680 894 orta,
707 847 781 887 five
818 860 861 887 ex
898 846 965 886 usu
998 848 1198 887 verborum
1234 847 1343 887 obso-

233 920 390 957 letorum
429 919 691 966 dictorumque
726 917 984 966 tropicorum,
1037 918 1112 957 five
1150 930 1195 957 ex
1228 917 1345 956 artifi-

231 988 329 1027 ciosa
361 988 517 1036 partium
550 987 846 1036 compofitione‚
887 987 961 1025 five
989 999 1034 1025 ex
1070 986 1347 1036 argumentandi

232 1058 458 1104 subtilitate,
500 1057 573 1096 five
605 1067 626 1094 e
659 1056 894 1094 concertandi
929 1056 1158 1095 difficultate.
1237 1056 1344 1106 Quae

233 1140 324 1167 vero
350 1128 408 1166 his
435 1127 675 1176 querimoniis
710 1127 932 1175 opponenda
965 1125 1071 1173 sunt,
1101 1138 1142 1165 ea
1167 1134 1251 1165 ante
1274 1125 1343 1164 iam

232 1198 524 1247 occupavimus,
552 1198 652 1236 Sect.
685 1197 713 1235 Ι.
743 1196 880 1236 Partic.
909 1197 956 1235 ΙΙ.
985 1197 1022 1243 §-
1052 1199 1103 1244 6,
1133 1198 1169 1235 8.
1199 1195 1260 1246 (s)

230 1264 234 1268 ’
283 1269 453 1317 Denique
474 1269 649 1306 obiicitur
677 1267 844 1307 Palatinis
866 1267 1051 1306 iracundia
1068 1294 1080 1312 ‚
1095 1267 1220 1304 odium
1237 1275 1273 1304 et
1290 1266 1344 1304 in·

230 1340 344 1377 iuriae
375 1339 601 1377 ulciscendae
630 1337 787 1376 studium
805 1338 992 1384 ‚quibus
1020 1346 1145 1385 petere
1169 1337 1345 1374 dicuntur

232 1420 479 1460 quoscunque
514 1407 601 1457 ipfis
637 1407 880 1446 adversantes.
934 1407 1049 1456 Quod
1081 1418 1191 1454 quam
1215 1406 1344 1454 inique

232 1479 323 1527 fiat,
361 1480 487 1526 colligi
517 1489 647 1528 potest
683 1490 725 1516 ex
766 1478 837 1524 iis,
879 1489 971 1525 qnae
1004 1477 1103 1515 Sect.
1133 1477 1164 1516 I.
1202 1475 1339 1515 Partic-

231 1551 278 1592 Π.
328 1547 361 1595 ἕ.
401 1562 440 1598 9.
489 1552 534 1587 de
573 1549 750 1598 gravitate
785 1547 821 1586 in
856 1548 1023 1586 docendo
1061 1559 1080 1584 a
1116 1545 1343 1585 Catechismi

230 1622 471 1673 scriptoribus
502 1621 664 1666 servata,
695 1617 747 1656 uti
786 1627 823 1656 et
863 1619 897 1662 ἓ..
931 1630 991 1656 10.
1020 1617 1066 1655 de
1098 1628 1225 1654 eorum
1251 1616 1342 1654 leni·

229 1702 304 1731 tate
338 1701 373 1730 et
411 1690 633 1731 humanitate
668 1689 704 1726 in
737 1689 987 1736 disputando,
1015 1687 1240 1725 monuimus.
1279 1687 1335 1725 Ac

228 1761 310 1801 sane
353 1773 532 1810 perpauca
582 1760 689 1805 sunt,
743 1770 835 1808 quae
881 1758 938 1796 his
979 1769 1063 1794 cum
1100 1757 1225 1806 aliqua
1259 1758 1337 1795 veri

1261 1825 1339 1873 spe·

231 1897 322 1925 bruik
345 1906 404 1924 van
431 1895 596 1923 dungarvan
620 1895 712 1921 baare
740 1892 799 1919 hun
825 1901 894 1919 une
920 1892 1049 1925 motin,
1082 1891 1131 1933 dio
1155 1891 1216 1927 lige
1243 1897 1336 1917 notun

226 1953 460 1988 jammaerlijkan
483 1951 596 1988 ufkun
618 1960 677 1978 van
703 1951 764 1977 alle
787 1948 993 1985 Godsdt'enstig
1018 1948 1184 1976 onderzoek
1210 1954 1260 1975 un
1283 1956 1339 1984 ga·

234 2013 318 2048 sulge
347 2010 443 2047 heust-

229 2089 232 2093 .
267 2070 319 2104 (r)
339 2067 457 2102 Dignus
473 2073 537 2100 est,
558 2064 610 2101 qui
628 2066 664 2092 de
682 2064 729 2093 his
744 2062 895 2092 laboribus
914 2060 1336 2096 legzatunReddingins,

227 2126 285 2154 lib.
308 2127 330 2154 1.
353 2133 387 2160 p.
409 2131 531 2158 ,νε-75.

267 2184 315 2219 (s)
335 2181 415 2218 Quid
431 2176 685 2214 vituperatoribus
701 2177 754 2205 hac
770 2176 799 2204 in
816 2176 902 2204 causa
919 2176 1048 2204 dandum
1065 2176 1115 2209 fit,
1135 2174 1207 2209 qnid
1227 2182 1336 2209 negan-

230 2242 320 2271 dum.
351 2237 476 2267 candide
507 2236 632 2273 profe-sti
659 2234 723 2263 sum
752 2241 821 2261 van
848 2233 929 2265 Lis,
952 2232 1002 2262 lib.
1024 2234 1043 2261 1.
1063 2240 1097 2267 p.
1121 2234 1281 2262 leh—103.
1303 2237 1336 2259 ct

234 2295 501 2329 Rcrldingiu57
525 2296 546 2321 l.
570 2295 590 2321 1.
615 2295 875 2327 susm-0123,
898 2291 944 2321 76.
