1487 2703
203 201 275 240 104
421 192 1083 238 COMMENTATIO

205 312 288 338 mus
327 302 517 348 quomodo
555 310 591 340 et
627 310 808 350 quatenus
846 303 961 342 hocce
1007 305 1145 344 donum
1171 306 1204 344 ei
1227 317 1316 355 pro·

205 370 345 409 fuerit:
374 371 534 418 quisque
564 370 659 409 enim
685 370 794 409 facile
827 372 1001 422 intelligit
1033 375 1216 425 aliquus‚
1254 375 1316 414 cui

207 440 398 477 historiam
433 441 673 481 conscribere
697 442 840 480 animus
866 452 953 490 est,
983 444 1128 482 maximi
1162 445 1319 483 interes-

208 521 250 547 se
281 519 324 547 ut
354 519 464 547 veros
501 508 632 547 habeat
661 519 696 548 et
721 511 903 558 genuinos
934 510 1059 550 fontes
1097 523 1142 551 ex
1179 514 1316 561 quibus

207 578 331 627 possit
363 579 532 618 haurire:
575 580 796 633 nullumque
829 579 1000 629 profecto
1039 582 1224 630 puriorem
1261 594 1321 621 ac-

209 648 356 696 quirere
387 648 513 696 potuit
549 660 659 697 quam
695 649 817 698 ipsum
851 651 954 689 illum
999 651 1206 700 Codicem,
1256 652 1319 692 cui

209 718 255 760 ab
293 716 466 757 omuibus
494 729 636 757 summa
673 719 903 759 tribuebatur
932 722 1147 765 auctoritas.

703 876 741 923 §.
796 887 833 923 7.

456 1004 516 1042 De
537 1005 696 1058 Josepho
727 1006 869 1046 Romae
904 1007 1068 1058 degente.

260 1151 351 1189 Post
383 1159 441 1190 tot
475 1162 676 1202 tantosque
705 1155 851 1195 labores
877 1166 912 1195 et
940 1157 1102 1206 pericula
1133 1158 1325 1208 Josephus

211 1221 355 1258 tandem
376 1223 478 1260 venit
503 1224 661 1263 Romam
675 1253 688 1272 ,
716 1225 844 1275 ibique
870 1227 934 1265 diu
952 1227 1109 1266 feliciter
1132 1229 1224 1267 vixit
1242 1229 1332 1285 (ι).

214 1289 317 1337 Quid
350 1300 470 1329 autem
500 1294 614 1343 magis
647 1295 681 1332 ei
715 1297 895 1343 prodesse
928 1299 1086 1346 potuit?
1134 1300 1194 1336 Sic
1231 1299 1328 1337 enim

215 1359 294 1396 otio
330 1370 366 1398 et
399 1373 488 1410 pace
519 1364 667 1410 gavisus
700 1374 787 1412 est,
824 1366 961 1414 quibus
998 1367 1153 1406 maxime
1187 1368 1329 1416 indige-

213 1428 303 1477 bat,
356 1440 396 1469 ut
430 1433 656 1481 consilium,
710 1437 812 1483 quod
850 1437 920 1474 sibi
960 1447 1230 1486 proposuerat,
1281 1438 1328 1475 ad

212 1498 323 1538 finem
359 1502 589 1549 perduceret.
645 1504 685 1542 Si
716 1506 811 1542 enim
847 1518 993 1554 semper
1021 1507 1131 1545 vitam
1156 1508 1253 1545 illam
1278 1508 1330 1545 la·

214 1568 371 1609 boribus
396 1572 647 1621 periculisque
674 1575 816 1622 plenam
842 1576 1034 1624 duxisset,
1063 1578 1095 1615 si
1126 1589 1328 1625 numquam

216 1639 334 1677 otium
367 1641 399 1678 ei
435 1642 684 1691 contigisset,
721 1646 983 1694 opportunitas
1017 1648 1188 1695 profecto
1221 1649 1329 1695 plane

216 1708 250 1745 ei
289 1708 469 1748 defuisset
503 1723 614 1761 opera
644 1715 932 1763 conscribendi,
960 1717 1101 1755 etiamsi
1136 1717 1330 1756 facultates

217 1785 253 1814 et
290 1776 415 1816 fontes
443 1780 636 1820 habuisset
674 1783 850 1830 optimos.
903 1785 1017 1823 Nunc
1049 1785 1087 1823 in
1117 1798 1157 1824 ea
1182 1786 1330 1825 vivebat

218 1846 334 1893 urbe,
387 1860 480 1896 quae
519 1851 572 1888 illi
604 1852 732 1901 J‘uveni
764 1854 837 1902 J‘am
880 1854 929 1892 ita
959 1856 1171 1903 placuerat,
1220 1857 1330 1906 cujus

219 1918 471 1957 memorabilia
518 1928 608 1958 tunc
649 1924 723 1972 Jam
761 1923 912 1962 miratus
961 1924 1110 1973 fuerat,
1163 1938 1331 1975 quaeque

219 1997 301 2023 eum
330 1998 429 2025 nunc
463 1990 570 2037 plane
605 1990 836 2032 informaret.
905 1994 1046 2033 Rornae
1074 1996 1249 2043 vivebat,
1290 1998 1329 2035 in

218 2056 336 2093 totius
373 2057 475 2096 orbis
515 2067 689 2099 terrarum
725 2063 817 2101 urbe
851 2064 1046 2113 primaria,
1099 2066 1195 2104 inter
1227 2067 1329 2106 cives

219 2125 483 2176 humanitatis,
513 2130 612 2178 veri,
641 2131 759 2181 boni,
776 2135 997 2183 pulchrique
1015 2136 1139 2174 studio
1155 2139 1333 2177 excellen-

1245 2216 1327 2255 tes,

257 2262 311 2301 (ι)
332 2265 380 2293 Cf.
403 2267 477 2302 (ap.
503 2269 528 2296 1.
552 2265 581 2305 ξ.
608 2277 654 2302 10.
