1487 2703
194 161 247 206 143
418 147 1084 196 COMMENTAT'IO

203 295 225 313 „
252 275 424 313 contrat,
453 279 522 316 que
553 267 726 316 lorsqu'il
747 275 799 305 est
826 267 999 317 possible,
1026 280 1096 306 non
1119 270 1309 306 contraire

203 365 226 382 „
253 349 332 373 aux
363 336 451 383 lois,
495 348 575 373 aux
605 348 768 383 moeurs,
820 349 865 374 οιι
897 338 921 374 ἁ
953 336 1091 374 l'ordre
1124 338 1266 388 public.
1285 337 1309 354 ’³

199 405 340 442 Verum
379 406 676 453 quandoquidem
708 405 747 443 in
772 407 879 454 lege,
908 418 980 454 qua
1016 418 1113 445 nunc
1142 408 1306 453 utimur,

198 476 323 513 nullus
351 475 561 513 inveniatur
584 476 759 514 articulus
774 503 787 522 ,
817 476 881 523 qui
900 476 1081 524 impedit,
1104 476 1305 524 quominus

200 545 284 585 talia
304 545 399 583 flicta
418 545 547 583 illicita
578 546 869 583 conventionum
898 545 1044 595 objecta
1068 546 1167 593 sint,
1194 557 1309 594 prop-

198 626 252 653 ter
289 616 419 654 vitium
457 616 494 653 in
539 627 584 654 eo
623 616 686 653 tali
717 615 814 654 facta
849 616 1056 665 impugnari
1097 627 1175 654 non
1219 628 1308 665 pos·

198 693 300 724 sunt.
333 707 387 715 —-
412 686 471 723 Eo
499 694 620 724 autem
655 685 870 734 diligentius
902 686 1079 724 servanda
1115 693 1204 723 sunt
1239 697 1305 733 ea,

199 767 291 802 quae
324 756 368 792 de
409 767 517 793 causa
561 756 870 804 praecipiuntur,
923 755 1064 804 quippe
1100 768 1193 803 quae
1228 757 1309 794 sola

197 825 423 864 facultatem
446 827 533 864 dant
568 825 731 864 diluendi
762 838 830 873 ea,
858 837 951 873 quae
991 836 1113 874 neque
1154 825 1303 873 ethice,

198 906 320 942 neque
351 895 543 943 aequitas,
571 907 694 942 neque
725 895 804 944 ipsa
827 897 884 933 lex
910 905 1005 933 stare
1030 896 1168 943 patitur
1195 895 1279 945 (ι).

250 965 374 1012 Magis
416 966 534 1003 adhuc
580 965 782 1012 conspicua
826 965 868 1002 fit
907 964 1112 1003 differentia
1142 965 1181 1001 in
1216 974 1306 1001 con-

197 1035 378 1072 tractibus
412 1034 620 1080 amatoriis,
661 1035 706 1072 de
732 1034 901 1082 quibus,
939 1035 1126 1073 nescimus
1166 1046 1306 1083 quare,

197 1104 290 1141 nihil
326 1104 418 1142 dixit
454 1105 518 1142 Cl.
555 1104 831 1143 Ernstius.
871 1126 927 1134 -
975 1106 1018 1142 In
1051 1105 1096 1143 iis
1131 1105 1306 1144 nimirum

198 1174 414 1223 umectum,
468 1182 511 1211 ut
547 1174 584 1211 in
614 1175 794 1221 caeteris,
833 1182 916 1222 est,
951 1176 1053 1222 quod
1083 1176 1306 1214 contrahens

195 1245 390 1289 daturum,
430 1232 675 1281 facturumve*
702 1244 890 1291 promittit
927 1244 1017 1292 (2),
1068 1255 1177 1282 causa
1215 1255 1305 1282 vero

195 1312 370 1349 consistit
391 1311 429 1349 in
451 1312 643 1360 periculo,
659 1313 761 1359 quod
787 1313 878 1350 alter
905 1313 944 1350 in
970 1325 1009 1351 se
1025 1314 1303 1363 suscipit,ejus

195 1384 247 1419 rei
269 1383 405 1420 dandae
429 1391 491 1419 aut
515 1393 590 1420 non
618 1383 768 1420 dandae.
824 1383 883 1421 Sic
907 1383 969 1430 ei,
996 1383 1061 1430 qui
1089 1394 1167 1421 rem
1190 1394 1306 1430 quan-

195 1453 274 1489 dam
323 1451 426 1489 alteri
474 1452 556 1497 dat,
610 1459 650 1488 ut
695 1452 753 1488 hic
788 1451 861 1490 sibi
903 1452 1061 1490 reditum
1112 1463 1303 1499 annuum,

193 1522 316 1569 quoad
340 1520 601 1567 vivat‚solvat
616 1548 629 1567 ,
658 1521 845 1570 objectum
870 1530 926 1559 est
947 1522 1029 1570 ipse
1050 1522 1109 1559 hic
1133 1522 1302 1570 reditus,

192 1602 300 1628 causa
336 1602 425 1628 vero
471 1591 677 1638 periculum
725 1592 826 1638 quod
868 1593 949 1640 ejus
995 1592 1167 1630 solvendi
1212 1593 1304 1630 alter

196 1661 369 1709 suscipit.

243 1730 287 1768 In
311 1731 368 1768 his
398 1742 662 1779 saepenumero
702 1731 912 1779 contingit,
963 1733 1091 1779 quod,
1133 1732 1302 1780 quamvis

192 1803 430 1838 contrahatur
457 1802 502 1839 de
532 1813 601 1848 re,
639 1812 746 1849 quam
784 1801 999 1849 promittere
1034 1810 1098 1839 aut
1133 1801 1303 1850 stipulari

194 1870 346 1909 omnino
388 1871 499 1917 licet,
553 1882 700 1908 causam
742 1879 863 1909 tamen
895 1872 1027 1910 habeat
1062 1873 1300 1921 obligationis

190 1939 367 1978 illicitam.
410 1963 462 1973 ..-
501 1940 563 1978 Sic
600 1940 638 1978 in
677 1941 946 1988 sponsionibus
980 1940 1130 1990 utrique
1159 1942 1300 1991 obliga-

191 2010 303 2048 tionis
327 2010 515 2059 objectum
550 2019 606 2049 est
633 2020 775 2049 summa
807 2012 1009 2059 pecuniae,
1038 2023 1147 2059 quam
1180 2012 1301 2050 victus

1227 2081 1304 2118 vic·

230 2173 280 2211 (1)
305 2175 370 2203 Vid.
402 2181 470 2203 arte.
498 2174 534 2203 C.
558 2176 594 2203 C.
624 2183 694 2209 1131
724 2183 752 2203 et
785 2181 856 2210 1133

232 2233 284 2268 (ε)
308 2232 375 2259 vid.
401 2237 453 2259 art.
483 2232 518 2259 C.
547 2232 581 2261 C.
611 2234 692 2262 1126.
