1487 2703
365 189 663 230 BOTANICO-
679 186 1058 228 OECONOMICA.
1200 198 1269 237 139

156 300 296 339 minum
321 328 335 347 ‚
390 308 598 349 tapetorum
643 298 932 346 similiumque3
989 306 1268 345 nonnumquam

159 369 407 409 adhibuerunt
441 370 488 407 ad
524 368 753 418 fabricandas
792 368 936 406 chartas
973 374 1169 405 contectus
1207 377 1270 404 ru·

158 439 304 489 dioris3
335 439 491 489 pyxides
523 438 641 476 tabaci
674 447 745 476 etc.
766 465 779 484 ‚
807 439 866 475 vel
902 438 945 475 ad
979 445 1103 485 partes
1143 448 1280 484 aequa·

159 512 213 550 les
261 521 346 549 cum
394 509 528 547 scrobe
563 508 684 557 ligni,
739 506 892 555 igniaria
942 507 1072 545 exinde
1108 505 1281 544 confece-

162 589 264 620 runt.
337 580 467 629 Vulgo
517 588 637 617 tamen
686 579 774 616 haec
829 577 942 626 pulpa
988 587 1073 614 cum
1118 575 1276 613 caeteris

164 649 324 690 residuis
363 649 493 699 pecori
537 649 715 698 pabulum
759 647 980 696 porrigitur.
1057 646 1174 697 Quod
1218 658 1282 684 ve-

163 730 207 759 ro
252 720 459 759 chartarum
520 717 796 756 confectionem
833 717 964 755 attinet
988 744 1002 763 ‚
1054 728 1282 763 monemus,

167 789 391 830 Schaffe
406 801 539 837 rum,
593 789 659 837 qui
701 800 720 826 e
754 787 865 825 variis
917 787 1139 825 substantiis
1175 788 1281 825 char-

166 869 241 900 tam
283 860 518 909 scriptoriam
568 858 659 897 fecit
712 857 818 896 etiam
854 868 875 895 e
923 857 1144 895 Solanorum
1173 865 1281 905 tegu-

166 930 329 979 mentis,
384 929 616 979 suspicatum
661 928 780 967 fuisse
826 940 846 966 e
885 927 1081 966 tuberibus
1119 928 1280 966 chartam

165 1001 302 1040 confici
346 1011 488 1050 posse,
541 1010 659 1047 aeque
691 999 913 1048 pellucidam
947 1010 988 1036 ac
1022 998 1183 1036 chartam
1225 997 1283 1036 bi-

167 1073 293 1111 hulam
309 1070 600 1122 'Japonensium
660 1070 891 1116 Baretae‚
929 1068 1057 1117 opifici
1104 1068 1288 1108 chartario

166 1142 206 1180 in
247 1138 430 1189 Francia,
490 1142 556 1189 qui
603 1139 714 1179 simili
750 1140 893 1178 ratione
927 1140 1087 1178 chartam
1126 1139 1287 1187 scripto-

169 1212 260 1251 riam
286 1223 307 1251 e
333 1212 480 1251 Solam‘s
504 1222 719 1262 praeparare
754 1217 914 1249 conatus
950 1209 1050 1262 fuit,
1086 1208 1181 1248 bene
1201 1194 1285 1249 sue-

172 1277 304 1321 cessit.

216 1353 410 1391 'Accedant
447 1362 547 1390 nunc
579 1351 641 1390 alii
665 1351 786 1390 adhuc
820 1362 916 1389 usus
938 1359 1009 1388 tam
1035 1349 1204 1399 ipsorum
1231 1359 1292 1389 tu-

169 1423 330 1471 berum,
358 1432 469 1471 quam
507 1421 660 1459 aliarum
689 1421 807 1459 totius
832 1422 979 1469 plantae
1007 1420 1195 1469 partium3
1224 1421 1293 1458 ho·-

154 1505 256 1533 sum
289 1501 412 1531 autem
435 1492 561 1530 brevis
589 1491 816 1529 enumeratio
845 1491 1018 1529 sufficiat.
1047 1490 1124 1541 Qui
1150 1491 1287 1530 ferrum

172 1573 308 1604 stanno
330 1563 521 1602 obducant
541 1574 658 1612 aeque
683 1573 726 1600 ac
751 1561 805 1599 illi
823 1589 836 1609 ,
866 1561 933 1609 qui
954 1561 1160 1600 cochlearia
1178 1561 1294 1600 fabri·

176 1642 309 1674 cantur
354 1633 465 1672 etiam
510 1632 567 1671 uti
607 1641 770 1681 possunt
805 1634 911 1681 pulte
945 1645 964 1670 e
998 1633 1144 1671 Solanis
1175 1633 1294 1672 coctis

174 1715 263 1744 cum
296 1715 393 1753 aqua
427 1703 542 1741 calida
573 1710 685 1750 atque
712 1701 896 1740 fermento
920 1701 1106 1741 confecta.

225 1774 366 1813 Solana
414 1781 519 1811 cocta
562 1773 723 1811 contrita
755 1781 866 1820 atque
911 1784 997 1810 cum
1038 1781 1137 1811 creta
1177 1785 1296 1821 aquae

176 1845 344 1884 immixta
371 1843 570 1882 tectorium
606 1842 807 1889 exhibent,
841 1853 918 1890 quo
951 1842 1065 1880 simul
1097 1851 1294 1881 ventorum

182 1914 471 1963 pluviarumque
508 1914 569 1952 vel
616 1912 725 1950 etiam
773 1924 965 1951 murorum
1017 1914 1298 1953 efflorescentiae

181 1984 347 2023 nitrosae
383 1983 549 2022 influxus
575 1983 735 2022 nocivus
755 1983 1002 2024 imminuitur.

233 2055 279 2094 In
312 2053 440 2093 Scotia
472 2055 611 2093 Solana
645 2054 715 2092 rite
756 2055 881 2093 abluta
916 2055 1138 2095 adhibentur
1154 2058 1208 2107 ¹ad
1234 2057 1297 2095 de-

181 2125 500 2174 compositionem
539 2125 943 2174 hydro-salphatum,
1001 2127 1066 2175 qui
1117 2109 1333 2167 occurunt'

183 2195 226 2233 in
272 2194 528 2233 solutionibus
567 2206 586 2232 e
623 2194 765 2243 quibus
813 2196 1120 2235 subcarbonatem
1161 2200 1206 2237 So
1243 2210 1305 2236 ex-

188 2265 367 2315 trahunt3
405 2266 466 2305 alii
498 2266 638 2306 Solana
663 2265 822 2306 dissecta
845 2267 972 2305 ahenis
996 2268 1229 2316 immittunt,
1258 2277 1299 2306 ut

1240 2349 1306 2374 nn·-
