1544 2693
261 170 313 214 96
439 166 1123 229 ‚COMMENTATlo

312 278 518 324 Antequam
570 279 614 314 ad
662 280 874 316 alterutrum
926 281 1111 328 aggrediar
1129 310 1140 329 ,
1195 285 1366 322 monendi

259 356 367 384 erunt
417 349 574 384 lectores
591 375 602 393 .,
663 349 707 385 de
752 349 977 388 Catechismi
1030 351 1330 400 interpretatione
1351 382 1364 401 ‚

261 429 395 464 quam,
426 417 463 454 in
491 418 555 454 hac
593 419 930 457 Commentationis
965 421 1096 469 Parte,
1125 423 1357 471 potissimum

257 486 472 534 sequendam
504 488 592 525 mihi
628 487 749 531 sumfi.
803 490 957 527 Norunt
995 502 1150 534 omnes,
1190 493 1287 531 hunc
1324 493 1366 530 ii-

258 559 394 596 bellum
424 544 708 606 esseseriptum
752 559 987 607 primumque
1022 561 1160 598 editum
1199 560 1363 599 sermone

255 628 502 675 Germanico,
532 629 595 675 qui
622 628 660 666 in
685 629 887 667 palatinatu
915 629 1095 667 Rhenano
1122 642 1168 669 eo
1194 639 1364 679 tempore

254 708 329 736 erat
363 708 398 736 et
434 700 472 735 in
499 699 596 736 hunc
626 711 745 746 usque
772 700 864 737 diem
891 709 945 737 est
976 703 1210 739 vernaculus.
1265 702 1362 745 Mox

253 779 369 815 vero,
403 769 649 807 Friderici
676 769 743 807 ΙΙΙ.
797 770 983 808 Electoris
1014 771 1164 808 Palatini
1202 771 1363 810 auctori·

252 847 354 885 tate,
382 839 419 876 in
442 838 613 877 Latinum
641 838 838 877 sermonem
875 849 931 877 est
963 841 1137 879 conversa
1167 853 1186 879 a
1220 842 1363 885 Iosua

253 907 386 955 Lago
408 917 443 944 et
471 909 732 945 Lamberto
756 909 1023 957 Ludolpho
1056 911 1361 958 Pithopoeo‚

254 986 289 1014 et
323 978 500 1014 continuo
535 978 628 1014 edita
660 989 694 1014 a.
727 980 838 1026 1563.
890 979 946 1016 Est
976 980 1275 1026 interpretatione
1309 980 1366 1029 ip·

253 1046 290 1085 se
321 1046 560 1094 Ursinus,
589 1049 805 1095 praecipuus
831 1048 1058 1086 Catechismi
1087 1059 1242 1096 auctor,
1271 1061 1363 1090 usus

253 1127 333 1165 est,
387 1119 424 1155 in
473 1118 720 1164 lectionibus,
776 1130 866 1165 quas
911 1118 1178 1167 Heidelbergae
1210 1119 1362 1166 habuit,

253 1188 406 1236 eiusque
431 1188 627 1236 discipuli,
645 1197 794 1225 mortuo
815 1187 990 1236 magistro
1009 1216 1021 1236 ,
1043 1181 1248 1227 ediderunt.
1263 1188 1360 1237 (92)

1271 1259 1363 1297 Eam

290 1353 363 1388 (92)
385 1353 492 1382 Earum
512 1352 605 1387 prima
621 1352 735 1388 editio,
757 1361 844 1388 quarn
855 1361 998 1382 memorat
1012 1355 1026 1390 J
1041 1355 1100 1383 oh.
1122 1354 1359 1390 christoph.

253 1412 508 1445 Koecherus‚
538 1411 568 1438 in
596 1411 822 1444 Careclzetis'che
852 1412 995 1438 Historia
1022 1411 1077 1438 der
1109 1411 1358 1447 Gereformeerde

251 1468 371 1501 Kerke,
403 1475 435 1502 p.
457 1475 525 1502 33¹·
557 1468 615 1494 hoc
648 1467 735 1495 titulo
761 1475 806 1494 est
819 1466 979 1504 insignita:
1003 1469 1175 1495 Doctrinae
1202 1467 1358 1495 Christia-

252 1531 307 1550 nae
346 1523 576 1558 Compendium,
602 1523 657 1557 seu
690 1524 910 1550 commentarii
945 1524 1136 1551 Catechetici
1169 1533 1205 1553 ex
1241 1533 1289 1551 ore
1316 1524 1358 1553 D.

251 1579 475 1608 Zachariae
508 1579 667 1614 Ursini,
711 1581 779 1608 vere
821 1581 978 1616 Theolvgi,
1025 1582 1097 1617 (qui
1133 1581 1372 1618 Heidelbergae»

254 1638 447 1672 catecheseos
473 1639 708 1674 explicationem
739 1639 920 1664 continuare
944 1638 1064 1670 solebat
1089 1645 1120 1665 et
1146 1640 1285 1673 iterare)
1310 1639 1358 1666 di-

251 1695 335 1729 verso
364 1701 494 1730 tempore
519 1697 556 1721 ab
582 1695 670 1729 ipsius
694 1695 855 1729 discipulis
878 1695 1011 1729 excepti.
1056 1694 1108 1721 Ad
1124 1695 1240 1729 septem
1259 1703 1359 1721 exem·

248 1753 356 1788 pluria
374 1751 545 1786 diligenter
566 1753 652 1778 inter
665 1752 697 1784 sb
716 1752 850 1786 collata,
868 1752 1014 1786 pluribus
1039 1752 1071 1778 in
1091 1739 1165 1778 loeis
1184 1751 1359 1785 emendati,

251 1809 352 1836 variis
375 1809 625 1843 quaestionibus,
651 1808 776 1842 thesibus
805 1814 835 1834 et
857 1809 1047 1842 argumentis
1074 1809 1231 1834 auctiores
1250 1808 1358 1843 facti,

252 1871 281 1889 et
308 1872 385 1889 nnnc
408 1865 538 1898 primum
568 1865 599 1889 in
627 1865 719 1890 lucem
755 1863 848 1890 editi.
895 1864 1042 1900 (Neapoli
1069 1863 1248 1897 Nemetum)
1267 1864 1358 1899 Apud

253 1919 445 1953 Eusiutlzium
475 1921 610 1955 Vignon‚
636 1925 718 1953 15124.
760 1919 908 1947 Praefatio
939 1919 1046 1954 scripta
1073 1927 1117 1948 est
1137 1921 1299 1954 Genevae,
1324 1930 1355 1954 15

254 1978 316 2006 Cal.
342 1977 471 2011 aprilis,
503 1987 517 2004 a
538 1978 601 2005 viro
620 1978 731 2009 docto,
753 1977 804 2011 qui
826 1979 917 2005 latere
943 1977 1042 2005 voluit
1059 1977 1111 2005 sub
1129 1975 1223 2004 literis
1241 1976 1270 2005 S.
1281 1979 1354 2006 G.s.

253 2034 334 2060 Haec
369 2041 397 2061 et
426 2042 502 2068 quae
537 2035 680 2068 deinceps
708 2034 825 2060 secutae
852 2033 918 2060 sunt
950 2033 1100 2062 editiones
1123 2035 1212 2070 vulgo
1231 2033 1353 2061 minoris

253 2089 400 2117 aestimari
424 2098 553 2125 coeptae
578 2091 664 2125 sunt,
689 2098 846 2125 pOStquaxn
880 2090 1008 2118 David
1034 2092 1207 2125 Parcus,
1229 2089 1296 2117 inde
1319 2089 1353 2116 ab

252 2155 328 2174 anno
369 2155 449 2183 ¹59¹·
472 2146 689 2182 explicationes
730 2147 869 2175 Ursini
904 2148 1100 2174 catecheticas
1137 2145 1357 2173 emendatiores

253 2203 466 2239 auctioresque
501 2193 721 2238 Heidelberg-ae
746 2204 775 2231 in
790 2205 899 2231 ‘lucem
929 2204 1042 2238 emisit,
1080 2211 1152 2237 quas
1179 2210 1208 2230 et
1234 2203 1358 2237 repetiit

255 2261 451 2297 Quirinus
480 2262 709 2297 Reuterns,
734 2262 761 2289 in
787 2261 1007 2289 Zachariae
1037 2259 1173 2289 Ursini
1207 2261 1357 2296 Operibus

1186 2306 1187 2310 Ἰ
1271 2317 1362 2345 Theo-
