1487 2703
241 263 294 307 8242
462 249 1131 293 COMMENTArto

242 379 323 405 rum
361 375 489 402 omnes
525 362 644 411 primo
672 359 907 408 imquisivit‚
936 367 1064 406 postca
1091 367 1211 396 autem
1232 359 1355 407 elegit.

244 437 342 475 Cum
381 435 477 481 Cap.
507 433 538 470 I.
569 434 607 480 ἕ.
640 443 673 468 1.
716 430 874 467 diximus
909 439 992 466 eum
1021 428 1128 476 plane
1152 438 1261 476 atque
1282 429 1358 477 jam

245 504 369 542 statim
407 503 679 541 Sadduceorum
714 499 909 546 opiniones
943 498 1154 546 respuisse,
1182 498 1249 536 hae
1275 498 1357 536 ideo

245 575 283 612 in
319 585 400 611 eum
451 573 589 609 nullam
634 569 845 608 habuerunt
890 568 992 612 vim,
1048 568 1219 616 majorem
1269 577 1357 604 vero

245 645 499 688 Essaeorum‚
528 641 566 677 in
595 650 755 687 quorum
783 638 916 687 placita
944 638 1007 675 diu
1032 637 1240 684 inquisivit.
1280 635 1359 674 Pri-

246 724 308 751 mo
349 712 463 760 igitur
504 710 759 759 explicandum
808 709 953 746 videtur
997 708 1087 756 quid
1131 719 1176 744 ex
1222 707 1357 744 horum

247 783 413 821 doctrina
447 781 610 830 accipere
645 779 838 827 potuerit,
867 778 1035 826 quidque
1066 788 1105 815 re
1139 788 1224 816 vera
1256 787 1358 815 acce-

245 853 343 901 perit
372 851 456 902 (1).

296 925 329 961 A
350 933 497 970 pugna,
515 932 609 969 quae
622 921 788 959 exstabat
812 921 905 957 inter
917 927 1038 967 partes
1052 919 1215 956 diversas
1230 916 1357 956 Theo·

245 995 416 1041 logorum
435 999 471 1029 et
487 991 724 1039 politicorum
747 999 835 1027 tune
861 989 1037 1037 temporis
1052 1016 1065 1035 ,
1086 988 1257 1026 nonnulli
1273 998 1357 1027 sese

244 1063 488 1111 seJunxerunt
520 1060 709 1107 vitamque
756 1067 911 1107 egerunt
956 1058 1220 1106 tranquillam,
1272 1057 1357 1096 sive

244 1134 339 1171 inter
370 1143 453 1170 sese
481 1130 699 1180 conjuncti,
737 1130 818 1168 sive
845 1129 891 1166 ab
927 1128 1006 1167 aliis
1035 1128 1220 1177 separati,
1260 1127 1357 1165 divi·

243 1204 311 1242 tias
351 1211 630 1241 contemnentes
660 1209 696 1239 et
734 1200 918 1237 bonorum
954 1199 1216 1237 communione
1248 1205 1356 1236 uten-

243 1283 312 1311 tes.
368 1273 419 1310 Hi
452 1272 583 1311 Essaei
616 1271 846 1309 dicebantur,
899 1269 1207 1317 Agriculturam,
1241 1276 1356 1306 artes-

243 1356 316 1391 que
350 1344 511 1381 diversas
546 1341 763 1380 exercebant
798 1349 835 1377 et
865 1339 1076 1388 praesertim
1112 1337 1150 1376 in
1187 1346 1353 1375 naturam

240 1413 506 1461 inquirebant3
560 1411 762 1457 viresque,
815 1420 912 1457 quae
954 1408 1119 1457 plantis,
1168 1407 1354 1456 lapidibus

241 1482 398 1529 aliisque
443 1481 553 1518 rebus
598 1481 724 1517 insunt
759 1478 1021 1526 explorabant3
1076 1478 1201 1525 itaque
1238 1478 1353 1515 multa

241 1552 502 1590 medicamenta
546 1548 820 1598 excogitabant.
899 1548 941 1585 In
987 1547 1114 1595 primis
1157 1555 1277 1585 autem
1317 1546 1357 1584 in

242 1623 342 1660 hisce
373 1622 484 1660 rebus
526 1632 566 1658 se
597 1620 684 1658 duci
721 1618 918 1657 credebant
959 1618 1166 1656 immediate
1213 1616 1353 1656 auxilio

241 1694 398 1741 quodam
427 1690 592 1737 Divino,
623 1690 672 1728 ita
703 1698 745 1728 ut
775 1688 1020 1737 Theosophia
1051 1687 1228 1735 quaedam
1259 1687 1355 1724 inter

1267 1756 1359 1795 illos.

277 1886 328 1922 (ι)
349 1889 395 1916 De
422 1887 541 1917 Essaeis
566 1888 604 1917 V.
625 1889 694 1926 Jos·
727 1889 800 1916 Ant.
832 1887 946 1916 XVIII.
978 1896 1005 1916 ι.
1043 1883 1073 1924 §2
1103 1893 1130 1920 s.
1169 1887 1247 1916 Bell.
1278 1887 1355 1925 Jud‘.

236 1945 273 1974 11.
295 1947 323 1982 S.
343 1954 444 1980 2—15.
473 1960 510 1967 —
539 1946 589 1974 cf.
614 1945 699 1973 Philo
724 1944 754 1972 in
778 1944 877 1979 libro,
899 1945 982 1979 quod
1001 1947 1094 1971 omnis
1114 1945 1229 1980 probus
1254 1945 1349 1974 liber.

237 2001 380 2036 Quamvis
409 2003 497 2030 Philo
523 2002 553 2030 in
581 2001 718 2030 omnibus
746 2009 813 2029 curn
840 2001 973 2037 Josepho
997 2009 1057 2028 non
1083 1999 1256 2035 consensit,
1278 2007 1348 2028 nos-

236 2066 282 2086 ter
306 2066 403 2086 tamen
429 2059 572 2092 majorem
604 2061 662 2086 hoc
690 2059 760 2086 loco
797 2058 886 2085 habet
917 2058 1125 2086 auctoritatem
1159 2065 1247 2092 quam
1274 2057 1347 2092 ille,

236 2116 304 2149 quia
330 2117 472 2143 meliores
498 2115 526 2142 ei
551 2115 673 2142 fuerunt
705 2115 880 2143 occasiones
907 2115 1111 2148 cognoscendi
1146 2116 1256 2142 hancce
1282 2121 1348 2143 sec·

235 2179 311 2205 tam,
341 2179 427 2206 quam
455 2172 577 2205 quidem
601 2171 732 2200 Philoni.
773 2172 865 2202 Conf.
888 2173 913 2199 A
942 2172 1100 2204 Neander‚
1122 2171 1153 2199 in
1181 2172 1256 2207 Alg.
1289 2173 1347 2200 Ge-

232 2229 387 2262 sclzichte,
408 2229 462 2256 der
493 2230 625 2256 Clsristl.
657 2229 727 2256 Ral.
759 2228 818 2254 und
842 2228 977 2262 Kirche,
1007 2228 1088 2255 Isten
1115 2229 1148 2257 B.
1167 2229 1225 2255 Iste
1254 2228 1343 2257 Abth.

231 2292 262 2318 p.
285 2289 331 2317 58-
352 2293 419 2320 sqq.
442 2285 480 2313 A.
502 2285 646 2319 Cfrbier,
666 2284 772 2319 Philo,
795 2284 856 2311 und
877 2285 926 2312 dia
947 2284 1120 2314 anxa-dr.
1143 2285 1345 2321 Theos-ophi«,

230 2350 247 2369 2
268 2343 312 2369 th·
335 2350 364 2377 p·
387 2352 452 2377 299·
478 2349 544 2376 sqq-
