1544 2693
264 181 314 217 60
487 177 1148 218 COMMENTATIO

251 287 329 336 pita
363 298 432 335 pro
470 287 649 324 concione
686 297 942 336 proponantur
979 288 1106 326 ordine
1148 289 1361 337 concinno,

250 368 364 404 eaque
382 356 426 393 ab
445 356 678 394 audientibus
700 358 806 394 avide
832 357 1081 405 excipiantur:
1114 362 1214 406 quod
1239 370 1360 398 utrum

248 425 351 474 saepe
381 426 440 463 vel
467 425 666 473 aliquando
706 425 788 473 fiat,
827 438 893 464 nec
928 438 1000 473 ne,
1045 429 1164 466 dicere
1198 441 1360 477 nequeo·

245 495 298 533 At
334 495 534 542 unicuique
566 495 863 534 Christianorum
899 496 1058 536 familiae
1095 498 1149 536 sui
1174 499 1258 538 sunt
1281 512 1362 539 mo·

242 577 328 612 res,
358 565 521 603 instituta
553 565 629 605 sua.
683 566 767 604 Nos
792 576 920 604 nostra
953 568 1143 607 laudamus
1176 577 1212 607 et
1246 581 1267 607 a
1299 569 1354 607 vi·

239 637 473 683 tuperatione
498 635 729 675 defendimus
742 648 759 684 ‚‘
783 637 863 674 aliis
891 647 967 675 non
992 638 1245 678 obtrudimus.
1272 639 1357 678 No-

239 707 309 744 stra
350 715 520 744 vetustae
559 707 650 756 legis
695 717 730 744 et
777 707 1053 746 consuetudinis
1098 709 1354 747 auctoritatem

237 777 398 823 habent,
431 776 570 814 nostris
607 777 644 813 in
673 776 868 815 coetibus:
902 778 966 815 hae
987 778 1086 825 apud
1113 778 1204 815 alios
1228 787 1355 816 aucto-

235 847 343 885 ritate
378 848 665 893 destituuntur,
706 859 828 894 neque
861 859 937 885 eam
975 847 1085 885 facile
1113 846 1196 885 sunt
1229 846 1355 885 conse·

234 924 393 954 cutura.-
434 917 639 963 Ceterum,
680 918 781 961 quod
818 916 981 963 singulos
1008 917 1246 955 Christianos
1274 928 1354 953 rno-

234 984 317 1023 nuit
352 985 501 1022 Paullus
531 987 765 1033 Apostolus,
794 986 932 1035 (Rom.
960 986 1065 1025 XIV.
1099 987 1280 1035 10-13.)
1306 988 1351 1025 ad

233 1054 395 1092 diversos
434 1064 564 1093 coetus
597 1055 716 1092 sacros
751 1056 1027 1094 accommodare
1060 1057 1186 1095 liceat:
1215 1060 1286 1104 σὺ,
1313 1060 1351 1099 τί

232 1128 352 1173 κρίνεις
380 1129 439 1166 τὸν
464 1127 623 1175 ἀδελφόν
656 1137 742 1173 σου;
777 1128 796 1173 ἢ
823 1128 882 1166 καὶ
916 1129 985 1173 σὺ,
1014 1129 1051 1167 τί
1082 1128 1265 1174 ἐξουθενεῖς
1289 1129 1349 1168 τὸν

231 1197 389 1244 ἀδελφόν
416 1207 503 1243 σονς
533 1197 668 1240 πάντες
695 1198 767 1245 γαρ
800 1198 1103 1245 παραστησόμεθα
1130 1199 1178 1244 τῷ
1202 1198 1346 1245 βήματι

228 1269 290 1305 τοῦ
315 1268 477 1314 Χριστοῦ.
520 1267 731 1313 Γέγραπται
763 1267 850 1313 γάρ·
879 1267 922 1315 ζῶ
946 1269 1042 1313 ἐγὼ,
1069 1268 1170 1314 λέγει
1197 1269 1344 1315 Κύριος,

225 1334 279 1375 ὅτι
313 1337 389 1383 ἐμοὶ
416 1336 559 1385 κάμψει
593 1340 665 1376 πᾶν
704 1337 811 1384 γόνυ,
849 1338 906 1376 καὶ
944 1340 1048 1375 παῖσα
1083 1341 1234 1383 γλῶσσα
1270 1338 1345 1384 :350-

226 1407 470 1454 μολογήσεται
502 1409 549 1455 τῷ
590 1409 681 1455 Θεῷ.
730 1407 827 1454 ’Ἃρα
868 1406 923 1446 οὖν
960 1405 1108 1449 ἕκαστος
1137 1408 1231 1454 ἡμῶν
1264 1408 1344 1455 περὶ

225 1479 351 1516 ἑαυτοῦ
392 1478 499 1523 λόγον
529 1477 628 1516 δώσει
671 1478 718 1525 τῷ
753 1479 844 1525 Θεῷ.
898 1477 1038 1521 Μηκέτι
1071 1474 1126 1516 οὖν
1161 1477 1342 1521 ἀλλήλους

225 1548 407 1594 κρίνωμεν·
435 1549 537 1587 ἄλλα
571 1551 673 1586 τοῦτο
706 1547 846 1595 κρίνατε
872 1549 1042 1593 μᾶλλον,
1068 1547 1109 1585 τὸ
1139 1546 1189 1593 μὴ
1212 1546 1340 1585 τιθέναι

224 1618 439 1665 πρόσκομμα
464 1618 512 1665 τῷ
539 1617 712 1665 ἀδελφῷ,
742 1616 761 1661 ἢ
789 1617 1004 1656 σκάνδαλον·

275 1685 449 1732 Denique
484 1686 521 1722 in
563 1685 872 1733 vituperationem
910 1683 1335 1722 adduciturssinstitutum

223 1769 243 1793 a
261 1755 372 1793 nobis
396 1756 580 1793 laudatum
596 1783 609 1802 ‚
637 1764 788 1804 propter
817 1754 990 1792 summam
1017 1754 1204 1792 doctrInae
1226 1753 1336 1792 Chri-

222 1825 356 1864 stianae
386 1825 655 1873 ignorationem
674 1853 686 1871 ‚
714 1825 751 1862 in
786 1826 862 1872 qua
895 1835 970 1861 non
1003 1824 1110 1872 pauci
1146 1823 1337 1862 versantur

223 1896 406 1935 Ecclesiae
443 1895 481 1932 in
525 1895 652 1942 Belgio
699 1893 916 1932 reformatae
956 1894 1229 1941 quodammodo
1275 1893 1334 1930 ad-

222 1965 363 2012 scripti.
439 1964 479 2001 Si
516 1964 641 2010 enim,
681 1963 856 2010 inquiunt
892 1963 1208 2010 vituperatores‚‘
1231 1961 1335 2008 quic·

221 2047 329 2082 quam
375 2034 559 2072 conferret
598 2033 805 2071 institutum
853 2043 1020 2070 vestrum
1057 2033 1100 2070 ad
1140 2031 1330 2069 docendos

221 2105 415 2150 rudiores,
468 2115 545 2141 non
594 2111 692 2140 tanta
738 2102 831 2140 esset
865 2102 1053 2150 religionis
1100 2100 1330 2148 ignorantia,

220 2185 355 2220 quanta
384 2175 421 2211 in
457 2174 649 2221 permultis
680 2173 981 2222 deprehenditur.
1033 2172 1171 2209 Verum
1201 2171 1330 2209 huius-

219 2244 317 2282 modi
340 2244 546 2281 criminatio
574 2256 702 2291 parurn
726 2242 815 2280 iusta
839 2252 909 2280 est.
965 2242 1180 2279 Remedium
1205 2242 1297 2278 enirn
1315 2269 1328 2287 ‚

1205 2323 1331 2360 quam·
