1487 2703
214 244 271 280 ’54
459 229 1113 269 COMMENTAT1O

227 341 282 377 cis
314 341 386 388 J'am
423 339 716 388 investigandum
752 347 822 377 est.
885 337 980 388 Ejus
1015 339 1113 380 'enim
1146 338 1336 384 doctrina,

212 423 314 448 .cum
351 411 538 457 plerisque
570 409 833 457 interpretibus
865 419 932 456 pro
962 398 1202 447 fundamento
1227 416 1340 455 atque

232 479 536 527 interpretatione
569 478 724 517 Codicis
752 477 888 516 Civilis
913 479 980 515 hac
1007 477 1045 515 in
1068 487 1170 526 parte
1201 487 1344 516 assu-m·

233 560 304 597 ta,
358 549 435 586 fieri
471 548 625 596 nequit,
665 557 705 586 ut
744 549 891 585 alteram
928 547 1157 596 probemus,
1198 547 1344 584 alteram

235 621 507 669 improbemus.
627 663 631 668 A

287 692 379 729 Post
419 689 568 736 onmia,
597 700 690 735 quae
730 687 921 734 diximus,
949 698 1045 734 opus
1078 687 1141 724 vix
1172 685 1266 731 erit,
1306 692 1349 722 ut

221 761 498 809 profiteamur,
525 760 725 797 secuudum
753 767 916 794 nostram
944 757 1090 803 quidem
1132 755 1345 804 opinionem

239 832 386 879 (quae,
411 838 533 867 utrum
559 840 642 864 vera
657 828 732 873 sit,
752 827 814 864 alii
837 827 1050 874 judicent),
1079 828 1106 864 P
1123 838 1145 862 o
1161 835 1173 862 t
1189 825 1349 862 hierii

238 900 441 937 doctrinam
474 899 634 939 ‚omnino
663 909 744 935 esse
781 899 1010 935 servandam.
1064 897 1193 935 Paucis
1230 906 1349 933 tamen

240 979 472 1017 exponamus
497 968 692 1012 rationes,
722 979 815 1014 quae
840 978 909 1003 nos
938 968 983 1004 ad
1008 967 1099 1003 hane
1132 966 1350 1006 sententiam

239 1040 449 1084 duxerunt,
494 1047 535 1074 ut
563 1036 616 1073 sic
646 1045 681 1073 et
714 1036 818 1073 alteri
851 1036 1059 1083 quaestioni
1099 1035 1205 1072 initio
1240 1035 1353 1083 huius

242 1109 274 1158 §.
311 1109 454 1156 positae
476 1108 779 1154 respondeamus.

294 1180 480 1224 Causam,
509 1185 551 1214 ut
584 1188 660 1214 eam
694 1176 939 1224 explicuimus
957 1201 971 1222 ‚
999 1175 1167 1223 quamvis
1193 1174 1358 1222 aliquan-

243 1253 292 1287 do
329 1260 415 1285 cum
454 1248 602 1296 obJ'ecto
643 1255 706 1284 aut
741 1257 953 1292 consensu,
1006 1247 1039 1282 si
1075 1245 1119 1282 de
1154 1243 1288 1282 effectu
1318 1243 1356 1280 in

243 1317 498 1359 contractibus
528 1328 680 1364 quaeras
697 1316 762 1362 ,in
787 1327 898 1353 unum
925 1318 1031 1352 coeat
1047 1343 1060 1361 ‚
1087 1326 1153 1363 per
1174 1326 1213 1352 se
1233 1323 1355 1352 tamen

245 1389 290 1426 ab
332 1397 492 1434 utroque
537 1398 681 1433 semper
715 1388 894 1424 diversam
936 1397 1043 1431 esse,
1098 1385 1136 1422 in
1180 1383 1356 1431 omnique

244 1456 496 1494 conventione
533 1457 684 1503 adesse,
719 1455 896 1492 vidimus.
960 1456 1092 1493 Plures
1141 1453 1359 1502 dispositio-

203 1550 207 1554 -
249 1537 312 1564 nes
348 1526 394 1562 de
425 1537 466 1563 ca
496 1526 648 1573 optimis
677 1525 745 1562 niti
779 1525 1013 1573 rationibus,
1041 1525 1147 1563 etiam
1170 1523 1358 1570 vidimus,

249 1604 285 1633 et
323 1596 369 1633 de
407 1595 488 1632 aliis
523 1597 562 1632 in
599 1605 789 1642 posterum
821 1595 915 1632 idem
952 1595 1181 1633 videbimus;
1228 1594 1361 1635 Restat

251 1675 292 1704 ut
327 1666 547 1711 videamus,
599 1677 688 1702 num
726 1676 833 1702 sanae
867 1665 1186 1715 jurisprudentiae
1223 1664 1363 1713 princi-

251 1735 322 1784 piis
357 1736 553 1772 conveniat
579 1736 703 1782 regula
729 1735 798 1771 ista
815 1763 828 1781 ‚
858 1735 1122 1783 obligationem
1150 1735 1231 1772 sine
1250 1745 1362 1771 causa

251 1808 375 1843 nullos
415 1807 619 1853 producere
645 1804 814 1843 effeetus.

303 1876 476 1914 Profecto
509 1888 618 1923 quarn
647 1876 801 1913 maxime
825 1885 1033 1924 congruum
1067 1873 1213 1911 videtur
1243 1873 1362 1910 indoli

255 1948 474 1992 hominurn,
503 1947 566 1993 qui
598 1947 692 1983 nihil
719 1957 824 1994 agere
858 1947 1008 1991 solent,
1040 1943 1113 1981 nisi
1142 1945 1265 1991 aliqua
1297 1942 1366 1981 sal-

258 2027 329 2054 tem
380 2028 487 2055 causa
535 2016 652 2060 moti,
719 2016 749 2053 si
802 2017 874 2053 hoc
919 2016 1042 2063 ipsum
1097 2016 1141 2052 ad
1199 2022 1366 2051 contrac-

256 2097 348 2134 ωε,
388 2088 491 2133 quod
526 2085 695 2132 qnotidie
733 2086 945 2132 celebrant,
972 2083 1212 2132 applicamus.
1267 2081 1365 2120 Nam

259 2158 313 2193 sic
352 2158 470 2205 multo
511 2155 717 2192 securiores
754 2164 862 2192 erunt
896 2155 941 2191 de
978 2164 1048 2200 e0,
1103 2152 1205 2199 quod
1242 2153 1369 2190 adver-

260 2228 377 2264 sarius
420 2225 619 2274 promisit,
661 2235 700 2272 ut
734 2224 924 2273 perveniat
956 2224 1000 2261 ad
1033 2231 1219 2270 scopum,
1257 2219 1368 2270 quem

262 2306 452 2334 contractu
489 2296 559 2334 sibi
595 2281 822 2343 proposuit,
852 2296 937 2332 dum
978 2293 1237 2340 unusquisque
1262 2289 1367 2329 facile

1300 2370 1372 2398 sta-
