1544 2693
285 194 334 232 34
534 176 1196 218 COMMENTATIO

335 291 379 329 In
413 289 530 328 veteri
555 286 753 333 instituto,
781 287 889 324 cuius
911 285 1080 324 laudandi
1110 283 1406 333 defendendique

289 359 496 410 periculum
534 357 692 403 faciam,
732 358 807 394 duo
833 355 915 393 sunt
948 364 1167 404 praecepta,
1193 366 1336 403 eaque,
1364 363 1407 392 ut

290 428 380 467 mihi
412 426 558 473 quidem
598 424 769 471 videtur,
803 423 947 462 seorsim
987 423 1219 471 aestimanda,
1283 423 1408 462 Unum

290 508 418 537 eorum
457 497 669 546 generatim
713 493 816 531 iubet
847 494 1040 542 Euangelii
1077 494 1321 541 interpretes,
1368 493 1406 529 in

290 565 499 606 reformatis
526 564 666 613 patriae
687 572 837 601 nostrae
862 563 1031 600 coetibus
1069 562 1221 611 singulis
1237 590 1249 609 ‚
1273 562 1410 599 doctri-

291 648 374 675 nam
388 635 638 675 Christianam
655 661 668 681 ,
691 637 874 672 commum·
897 632 1027 671 ordine
1047 633 1292 682 statuto,›‚pro
1318 643 1410 670 con-

291 707 400 744 cione
429 715 627 753 exponere.
668 703 845 742 Alterum
866 701 1077 751 praescribit
1098 703 1295 754 speciatim
1320 703 1410 742 duc-

294 785 373 814 tum
404 775 633 821 catecheseos
662 774 898 821 Palatinae,
940 784 1048 820 quem
1081 773 1207 810 cuncti
1244 781 1411 811 oratores

292 846 384 884 sacri·
412 846 451 884 in
482 846 652 883 doctrina
693 843 905 882 Christiana
941 843 1157 891 exponenda
1197 841 1409 890 sequantur.

294 916 482 954 Neutrum
527 914 634 952 laude
671 914 734 952 sua
773 922 830 950 est
864 913 1102 961 privandum:
1157 920 1358 958 utrumque
1391 921 1412 948 a

293 984 569 1033 vituperatione
603 982 891 1022 defendendum.
948 982 1021 1019 Sed
1048 981 1117 1019 alia
1142 980 1182 1017 in
1213 991 1313 1026 uno,
1341 978 1411 1017 alia

291 1057 332 1092 in
356 1055 500 1101 altero,
520 1054 700 1092 laudanda
729 1053 827 1092 sunt.
880 1051 1056 1089 Similiter
1078 1050 1148 1088 alia
1172 1050 1210 1087 in
1240 1060 1341 1096 uno,
1370 1048 1409 1086 in

294 1125 410 1162 altero
442 1123 535 1171 alia,
561 1122 645 1161 sunt
676 1122 883 1171 vituperata
919 1129 956 1159 et
984 1132 1004 1158 a
1036 1119 1310 1169 vituperatione
1348 1119 1410 1156 de-

296 1193 491 1232 fendenda.
558 1193 746 1243 Quocirca
780 1192 818 1229 in
853 1190 948 1229 duas
977 1199 1106 1242 partes
1135 1189 1410 1229 Commentatio

300 1263 447 1302 videtur
479 1262 757 1301 distribuenda:
802 1272 954 1309 quarum
986 1263 1097 1311 prior
1130 1261 1279 1308 quidem
1303 1272 1412 1310 gene-

298 1336 417 1371 ratim
446 1332 584 1380 spectat
608 1329 838 1377 institutum,
865 1330 989 1377 quoad
1015 1329 1211 1378 Euangelii
1235 1329 1415 1378 interpre-

298 1412 354 1440 tes
390 1402 429 1440 in
458 1401 609 1450 singulis
645 1401 782 1449 patriae
816 1409 966 1438 nostrae
1002 1399 1174 1437 coetibus
1201 1399 1410 1437 reformatis

298 1472 428 1520 iubet,
452 1472 655 1509 doctrinam
681 1471 931 1509 Christianam
954 1473 1137 1508 commum·
1161 1469 1319 1520 quodam
1349 1482 1409 1508 or—

298 1541 384 1580 dine
415 1540 567 1590 definito
596 1552 803 1589 exponere:
842 1543 1028 1589 posterior
1062 1552 1148 1577 vero
1179 1540 1410 1590 singularem

298 1611 475 1650 rationem
506 1611 613 1650 habet
641 1612 864 1650 Catechismi
887 1609 1089 1658 Palatini,
1118 1622 1226 1658 quem
1254 1622 1317 1648 eos
1341 1611 1410 1647 du-

300 1692 377 1718 cem
411 1681 514 1729 sequi
560 1690 722 1729 oportet.
790 1682 831 1718 In
876 1690 1040 1732 utraque
1079 1683 1182 1720 Parte
1223 1680 1410 1729 separatim

300 1750 498 1788 videndum
519 1751 614 1796 erit,
643 1751 732 1797 quid
759 1753 890 1789 morito
909 1763 929 1788 a
953 1752 1064 1789 nobis
1089 1750 1292 1798 laudetur,
1322 1751 1413 1799 quid

300 1822 486 1857 immerito
515 1820 559 1856 ab
589 1820 667 1857 aliis
696 1823 948 1869 vituperetur.

352 1890 475 1926 Unum
515 1890 604 1926 mihi
633 1889 797 1937 superest
828 1890 1139 1937 praemonendum
1176 1891 1220 1928 de
1255 1890 1328 1938 ἰίε,
1366 1893 1412 1930 ad

301 1969 397 2003 quos
438 1959 585 2006 proprie
620 1960 778 2007 pertinet
812 1959 1043 2006 institutum,
1078 1961 1185 1998 cuius
1215 1962 1252 1998 in
1283 1972 1414 2008 quaes-

300 2027 402 2064 tione
435 2028 620 2076 proposita
653 2029 694 2066 fit
726 2030 880 2067 mentio,
933 2028 1091 2080 Quando
1128 2031 1297 2068 nimirum
1337 2031 1414 2068 Re-

300 2096 445 2134 formati
481 2102 633 2147 patriae
664 2108 812 2137 nostrae
847 2109 978 2137 coetus
1017 2101 1215 2147 dicuntur,
1255 2101 1292 2138 in
1327 2101 1410 2148 qui-

302 2166 371 2201 iius
409 2167 573 2205 doctrina
606 2169 843 2216 Christiana,
871 2171 962 2207 duce
987 2170 1175 2208 Catechefi
1202 2171 1406 2218 Palatina,

303 2236 524 2282 exponitur,
585 2237 818 2286 indicantur,
872 2251 947 2277 nou
981 2241 1196 2288 quicunque
1229 2241 1265 2278 in
1297 2241 1412 2289 patria

1325 2321 1412 2348 nos-

1527 2431 1538 2532 ...n-4..
