1544 2693
1075 175 1078 179 ’
1165 187 1282 225 xvn

162 267 511 333 SCHRoDER,
549 277 616 323 die
657 279 778 325 lunae
817 289 941 341 atque
978 287 1163 342 saturni,
1194 289 1278 335 ho-

155 360 204 391 ra
232 347 306 392 IX.

211 423 492 470 Doctrinam
519 427 711 471 Morum
764 434 888 486 atque
937 433 1135 478 nonnulla
1179 437 1273 482 loca

149 491 367 541 doctrinae
395 496 711 556 Metaphysicae
736 498 769 546 I.
789 498 841 545 F.
856 499 906 546 L.
926 494 1270 561 SCHRODER,

150 563 297 610 diebus
328 565 435 612 iovis
466 574 506 611 et
536 568 722 623 veneris,
752 568 860 614 hora
884 571 939 616 ΙΙ.

206 643 400 686 Literas
428 646 630 687 Latina-s*
667 645 720 689 A.
747 658 852 689 VAN
868 647 1267 708 GOUDOEVER‚

154 709 300 756 diebus
328 713 499 766 martis,
528 714 660 766 iovis,
691 716 851 760 veneris
891 724 932 762 et
970 722 1151 776 saturni,
1181 722 1268 769 ho-

148 795 197 824 ra
223 781 295 825 XI.
325 782 641 841 interpretando
673 798 767 828 cum
802 786 1017 834 Ciceronis
1045 790 1181 838 libros
1210 794 1267 839 de

147 858 343 905 oratore,
375 860 461 898 tum
488 853 652 901 Selecta
676 856 833 903 Tibulli
861 865 902 905 et
926 860 1139 922 Propertii
1164 878 1264 910 car-

146 922 271 968 mina.

197 1000 545 1057 Antiquitatem
570 1004 825 1050 Romanam
854 1006 906 1051 A.
938 1021 1043 1054 VAN
1063 1009 1260 1057 GOUD-

145 1067 370 1122 OEVER,
414 1070 559 1117 diebus
598 1074 770 1130 martis,
807 1078 1023 1132 mercurii,
1067 1079 1175 1126 iovis
1218 1089 1259 1126 et

138 1138 320 1192 veneris,
350 1139 457 1185 hora
480 1142 531 1187 X.

193 1214 524 1263 Exercitationes
593 1220 905 1281 paedagogicas
970 1225 1257 1273 moderabitur

136 1285 188 1331 A.
220 1301 321 1332 VAN
338 1288 734 1347 GOUDOEVER,
765 1293 833 1338 die
863 1296 1057 1340 mercurii
1095 1296 1201 1342 hora
1218 1299 1250 1343 1.

137 1363 178 1401 et
199 1356 265 1401 die
290 1358 451 1402 saturni
480 1359 585 1404 hora
605 1360 700 1407 XII.

195 1435 387 1477 Lites-as
400 1435 605 1479 Graecas
626 1438 765 1483 tradet
788 1440 873 1486 PH.
888 1441 940 1487 G.
951 1456 1057 1487 VAN
1068 1443 1253 1490 HEUS-

135 1502 240 1556 DE,
270 1503 586 1563 interpretando
623 1522 716 1552 cum
745 1512 985 1567 Symposio
1006 1516 1252 1570 Platonis,-

135 1572 341 1618 adiunctis
360 1576 711 1627 Quaestionibas
725 1582 1006 1637 Platonicis,
1029 1591 1117 1628 tum
1142 1589 1249 1631 He-

134 1648 285 1688 rodon·
321 1648 439 1690 libro
472 1648 587 1695 Vll).
635 1649 703 1694 die
738 1652 885 1706 lunae,
932 1653 1039 1698 hor&
1076 1656 1161 1712 XI,
1207 1665 1248 1703 et

132 1714 279 1760 diebus
307 1717 479 1771 martis,
508 1718 613 1762 iovis
642 1727 683 1764 et
708 1724 889 1778 veneris,
920 1723 1026 1769 hora
1056 1726 1090 1771 I.

188 1796 381 1836 Literas
421 1797 686 1841 Hebraicas
724 1798 819 1843 LC.
848 1800 1247 1849 SWYGHUISEN

129 1858 574 1912 GR‘OENEWOUD
587 1899 600 1920 ‚
623 1882 718 1912 cum
739 1869 1053 1930 interpretanda
1072 1876 1246 1918 Gram-

128 1937 324 1988 matico,
366 1942 453 1980 tum
478 1941 606 1992 eius.
652 1947 697 1984 ut
726 1947 767 1985 et
803 1944 1056 1997 Syntaxeos
1095 1960 1170 1990 usu
1198 1946 1244 1990 in

127 2005 312 2063 legendis
341 2007 590 2063 quibusdam
628 2010 678 2055 V.
707 2010 757 2055 F.
791 2013 999 2072 capitibus
1030 2014 1243 2061 historicis

127 2078 430 2130 monstrando,
487 2079 633 2125 dicbus
670 2081 817 2137 lunae,
855 2083 959 2129 iovis
989 2093 1030 2129 et
1060 2089 1242 2142 veneris,

53 2203 55 2205 ι
127 2145 235 2190 hora
256 2147 323 2201 ΙΙ,
352 2148 524 2203 martis,
554 2150 662 2195 hora
690 2152 723 2198 Ι.

182 2226 398 2278 Limam,
430 2238 523 2270 cum
546 2229 837 2284 Aramaeas,
869 2238 956 2275 tum
987 2234 1243 2288 Arabicas,

659 2300 714 2324 **
