1487 2703
408 185 916 227 LITERARIA⁸
1174 194 1222 232 49

104 301 280 347 advenit,
320 309 356 338 et
387 306 643 347 strategemate
675 296 834 345 quodam
861 294 999 343 Syllam
1022 294 1096 343 J'am
1123 292 1225 331 vice-

102 379 187 418 rat,
215 381 330 418 quum
364 370 474 418 ipse,
502 368 590 417 equi
614 368 722 415 lapsu
751 366 964 403 vulneratus
981 390 994 409 ‚
1031 361 1220 400 discedere

100 449 122 477 e
153 450 278 489 pugna
317 440 480 478 deberet.
533 437 623 475 Inde
657 436 831 474 hostibus
864 433 1007 471 animus
1043 431 1218 478 additus,

100 517 138 547 et
172 517 276 548 certo
301 510 492 552 maximam
524 506 716 545 victoriam
749 510 1022 552 reportassent,
1052 501 1125 539 nisi
1151 500 1218 550 Jo-

98 580 243 627 sephus
273 579 451 629 J'ussisset
487 577 618 614 urbem
644 574 823 625 Juliadem
856 573 901 611 ab
928 572 997 610 alia
1025 579 1130 620 parte
1154 582 1218 620 ag-

96 649 225 698 gredi,
255 660 331 697 quo
357 647 457 687 facto
485 646 618 685 milites
646 653 748 682 metu
769 636 961 692 percussi,
977 641 1096 690 fugati
1109 649 1215 679 sunt.

142 720 405 768 Explicuimus
448 717 639 765 quomodo
675 715 895 766 Joseph11S‚
950 712 1128 761 quamdiu
1175 712 1215 749 in

92 789 258 828 Galilaea
293 788 396 835 fuit,
423 787 627 825 seditiones
653 786 787 823 multas
811 796 831 822 a
850 783 1021 832 Johanne
1055 781 1214 828 aliisque

90 857 265 896 excitatas
303 855 506 901 sedaverit,
548 853 807 903 impedimenta
841 853 1026 901 permulta
1060 863 1212 900 supera·
1262 887 1263 890 ,

92 926 185 966 verit
209 935 245 964 et
269 934 399 965 contra
435 926 564 963 hostes
595 923 819 962 domesticos
858 922 1026 969 aliosque
1054 919 1211 958 feliciter

88 987 324 1046 pugnaverit.
377 995 431 1034 Et
465 994 634 1043 quamvis
658 993 736 1032 fere
755 1004 899 1041 semper
931 992 1061 1029 harum
1086 1001 1208 1028 rerum

86 1078 175 1105 cura
205 1074 452 1114 occuparetur
485 1064 729 1112 molestiaque
762 1063 808 1101 iis
834 1054 1048 1111 saepissime
1074 1060 1209 1099 adfice-

84 1145 214 1183 retur,
255 1135 361 1174 brevi
404 1144 525 1174 tamen
563 1144 730 1183 tempore
762 1145 820 1172 res
858 1133 931 1170 sibi
971 1131 1128 1170 creditas
1156 1131 1207 1169 ita

83 1205 354 1245 administravit
388 1214 431 1244 ut
467 1205 632 1244 Galilaea
679 1214 807 1242 contra
857 1204 987 1241 hostes
1033 1209 1205 1240 externos

84 1276 226 1325 optime
256 1284 356 1314 esset
379 1275 535 1314 firmata.
588 1273 658 1313 Uti
682 1274 776 1312 enim
799 1285 911 1322 supra
931 1272 1203 1322 exposuimus,

81 1347 241 1396 plurima
270 1347 353 1384 loca
377 1345 493 1384 muris
518 1344 729 1383 firmaverat
745 1345 838 1394 ξι),
866 1353 981 1392 porro
1003 1341 1203 1380 exercitum

81 1417 172 1456 satis
199 1427 369 1465 magnum
395 1415 594 1465 collegerat
619 1425 802 1462 eumque,
830 1413 1035 1452 secundum
1061 1422 1203 1451 morem

81 1488 335 1526 Romanorum
351 1515 365 1533 ,
382 1486 420 1523 in
441 1494 565 1534 partes
588 1484 763 1523 diviserat
785 1483 972 1531 variisque
995 1482 1088 1520 locis
1110 1491 1201 1519 con·

80 1557 265 1596 stituerat.
317 1556 378 1595 Ex
416 1556 570 1594 numero
608 1566 780 1602 200,000
813 1554 1007 1601 virorum,
1042 1553 1108 1601 qui
1144 1564 1200 1590 ar·

80 1637 139 1663 ma
179 1624 276 1663 ferre
316 1633 501 1673 possent,
541 1634 682 1673 partem
720 1625 764 1662 ad
798 1635 872 1662 rem
909 1623 1102 1661 militarem
1137 1623 1199 1661 de-

78 1684 310 1742 stinauerat,
337 1703 478 1743 partem
508 1696 552 1733 ad
580 1696 838 1743 agriculturam
867 1693 1101 1732 exercendam
1122 1703 1198 1749 res·

81 1777 155 1814 que
188 1765 408 1804 domesticas
444 1765 762 1804 administrandas.
816 1766 931 1803 Porro
967 1762 1126 1801 amicitia
1159 1771 1196 1800 et

79 1834 339 1873 benevolentia
369 1835 535 1874 omnium
575 1834 652 1873 fere
678 1836 882 1873 incolarum
912 1833 1130 1880 fruebatur,
1158 1841 1195 1870 et

80 1905 216 1944 milites
250 1917 333 1944 eum
366 1913 539 1953 tanquam
565 1914 723 1961 >patrem
764 1905 933 1943 amabant
947 1891 956 1909 Χ
970 1912 1007 1941 et
1044 1913 1196 1941 venera·
1231 1909 1233 1911 ·

78 1975 228 2015 bantur.
290 1975 441 2026 Quodsi
470 1976 515 2014 ad
547 1976 636 2014 haec
675 1976 798 2014 omnia
830 1976 1086 2022 attendamus,
1130 1973 1194 2012 ad·

78 2046 202 2085 mirari
236 2057 324 2084 sane
355 2057 425 2084 nos
461 2054 612 2094 oportet
650 2046 771 2091 virum
809 2046 939 2093 illum,
994 2045 1060 2093 qui
1094 2051 1194 2081 tanta

79 2117 341 2166 impedimenta
380 2112 636 2166 superaverit,
664 2125 811 2164 tamque
847 2116 980 2164 exiguo
1014 2116 1192 2165 temporis

1109 2198 1193 2235 spa-

121 2271 174 2306 (1)
197 2272 291 2301 conf.
311 2269 340 2310 ς.
361 2280 388 2305 5.
411 2271 442 2300 in
463 2271 533 2300 fine.

133 2322 276 2367 norw(
618 2330 652 2366 D
