1487 2703
380 164 654 207 BOTANICO
668 188 679 196 -
692 166 1072 207 OECONOMICA.
1209 176 1275 216 151

173 278 276 318 vesci
310 286 485 326 possunt.
515 302 572 311 —
597 277 658 316 Ad
684 288 770 315 sues
799 277 1019 326 saginandos
1057 278 1186 326 perdiu
1217 277 1278 316 ad-

173 346 291 385 hibita
330 356 445 395 sunt,
485 347 539 387 sic
580 347 809 386 Clusius
848 348 921 396 jam
960 348 1104 386 monuit
1143 349 1283 398 Italos,

173 417 349 456 Solanum
381 417 586 456 tuberosum
611 417 743 455 suibus
769 418 947 466 pabulum
972 419 1160 466 praebere.
1198 420 1289 459 Om-

175 487 290 525 nibus
327 498 418 526 vero
454 495 586 526 notum
628 488 738 526 credo
782 488 1057 528 distinctionem
1098 490 1252 529 existere
1275 521 1288 539 ‚

176 567 250 604 qua
288 557 487 596 dividimus
515 558 654 597 Solana
686 557 725 595 in
769 570 808 596 ea
841 570 936 607 quae
973 560 1164 598 hominum
1205 562 1295 599 usui

176 626 386 666 inserviunt
402 655 416 675 ‚
460 636 499 666 et
524 614 620 676 quae
653 628 1111 681 Varkens—aarclappelen
1144 641 1290 668 nuncu-

173 703 335 748 pamus,
364 697 593 746 pervulgatis
615 700 743 736 saltem
763 707 819 737 est
847 700 935 738 haec
963 701 1070 738 notio
1105 713 1220 750 aeque
1248 713 1290 740 ac

175 767 278 805 illius
324 769 534 817 potulenti,
583 769 750 819 Spoeling
781 772 861 806 sive
891 770 994 819 draf
1029 772 1130 817 quod
1163 771 1292 810 suibus

178 837 376 875 exhibetur
390 866 402 885 ‚
419 838 557 885 cuique
571 838 711 876 Solana
731 839 872 878 minora
884 868 896 887 ‚
911 840 971 878 het
983 841 1184 890 kleingoed,
1203 850 1294 879 tern-

177 918 273 955 pore
307 908 438 946 messis
469 909 544 958 jam
582 918 747 957 separata
783 921 894 958 saepe
918 909 1200 959 immiscentur3
1240 919 1294 949 at-

179 987 254 1025 que
284 990 370 1016 rure
395 979 564 1026 quotidie
592 978 716 1017 videre
740 989 823 1028 est,
853 992 930 1031 quo
954 982 1068 1019 modo
1102 975 1295 1031 tegumen-

176 1055 215 1086 ta
250 1059 320 1097 pro
357 1048 494 1088 'suibus
531 1049 781 1099 colligantur3
822 1060 1008 1098 praestare
1035 1061 1158 1090 autem
1193 1053 1321 1090 vide-·

178 1125 268 1165 tur,
293 1127 337 1157 ut
364 1128 597 1168 coquantur,
625 1128 737 1169 atque
759 1132 843 1158 cum
873 1133 969 1169 aqua
1007 1123 1188 1170 contrita,
1217 1122 1297 1160 fur-

175 1186 278 1236 furi,
301 1190 456 1228 Hordeo
472 1217 485 1236 ‚
508 1191 600 1238 pisis
632 1190 778 1230 fabisve
801 1192 997 1229 commista
1023 1192 1264 1230 exhibeantur
1280 1220 1294 1240 ,

177 1259 345 1307 repetitis
378 1260 526 1298 vicibus
561 1261 690 1308 potius
736 1274 845 1310 quam
892 1263 999 1312 copia
1042 1263 1185 1313 majori.
1236 1287 1293 1296 .-

142 1343 143 1346 =
177 1325 443 1363 Laudaverunt
476 1330 648 1367 nonnulli
678 1330 943 1369 adhibitionern
984 1332 1178 1371 baccarum
1206 1334 1294 1371 *cum

180 1395 250 1433 sali
278 1394 449 1433 culinari.
491 1397 561 1444 (ι)

228 1466 361 1504 Minus
395 1466 611 1513 frequenter
633 1475 755 1505 autem
785 1469 922 1508 Solana
958 1471 1064 1518 equis
1099 1473 1298 1521 porrigun-

179 1544 267 1584 tur,
297 1547 390 1584 quae
422 1536 619 1575 methodus
653 1537 812 1584 primum
846 1539 883 1576 in
911 1539 1047 1589 Anglia
1074 1542 1294 1582 institueba-

178 1615 267 1654 tur,
296 1606 389 1654 ubi‚
419 1607 588 1655 quamvis
604 1607 762 1646 dixerint
777 1609 838 1646 alii
856 1637 869 1657 ,
894 1622 1012 1657 equos
1041 1612 1127 1649 huic
1155 1614 1292 1660 pabulo

180 1677 394 1716 insuescere
439 1689 517 1716 non
557 1690 706 1726 posse,
759 1691 920 1728 suasque
953 1682 1052 1719 vires
1091 1684 1292 1732 amittere,

182 1747 286 1786 brevi
323 1757 491 1796 tempore
521 1749 610 1786 tales
641 1761 864 1797 progressus
884 1750 999 1798 fecit,
1042 1762 1083 1790 ut
1111 1753 1217 1792 etiam
1257 1755 1294 1792 in

183 1818 409 1867 Germania,
444 1819 644 1867 praecipue
679 1819 717 1857 in
752 1821 900 1858 Ducatu
936 1822 1209 1873 Mecklenburg
1240 1826 1297 1862 in-

181 1889 303 1928 secuti
338 1889 414 1928 sint
455 1901 570 1939 aeque
600 1902 641 1928 ac
679 1890 717 1927 in
755 1891 902 1939 Gallia„
926 1892 1007 1930 -ubi
1050 1894 1197 1942 quidam
1241 1897 1297 1934 de

1180 1964 1301 2002 Lor-

186 2037 239 2065 n⁰.
256 2043 309 2074 43.
330 2044 397 2072 pag.
414 2043 482 2074 344.
500 2051 538 2059 ·—
569 2041 661 2072 1826,
689 2038 739 2068 n0.
769 2047 822 2077 14,
844 2048 912 2075 pag.
938 2042 1006 2069 103.
1028 2045 1125 2076 1331,
1146 2050 1212 2076 pag.
1230 2043 1298 2078 697.

188 2094 319 2129 Kops,
347 2096 511 2131 Magazijn
538 2097 576 2123 D.
601 2095 642 2124 11.
670 2104 740 2131 pag.
771 2104 839 2132 303.
885 2098 1049 2127 Transact.
1074 2100 1129 2135 for
1160 2099 1298 2128 Encour.

187 2152 258 2181 Vol.
275 2152 355 2180 VIII.
370 2160 437 2187 pag.
451 2156 499 2188 48.
528 2153 599 2183 Vol.
618 2155 660 2182 XI
688 2162 755 2190 pag.
774 2158 808 2185 88
826 2162 858 2184 et
877 2159 927 2192 98.

225 2209 278 2246 (1)
287 2211 371 2239 Idem
386 2210 433 2238 C1.
444 2214 473 2241 N
481 2218 501 2238 u
510 2220 538 2240 m
548 2221 563 2240 a
571 2219 590 2239 n
610 2219 762 2241 asseverat
773 2213 885 2241 Solana
896 2220 982 2242 cocta
998 2220 1029 2242 et
1039 2213 1167 2242 contrita
1177 2214 1301 2248 prodes«

133 2296 137 2298 .
190 2275 222 2297 se
239 2267 341 2297 suibus
359 2269 523 2298 Diarrhaea
532 2271 583 2298 vel
597 2269 792 2304 Dy'ssenteria
803 2269 1019 2299 laborantibus.
1033 2269 1102 2299 vid.
1122 2272 1144 2298 1.
1157 2278 1221 2305 ep.
1234 2273 1299 2305 567.
