1487 2703
223 171 295 210 134
436 155 1102 198 COMMENTATIO

284 265 566 315 Geographicae
600 267 708 304 etiam
746 265 1077 314 hallucinationes,
1106 277 1198 316 quas
1235 277 1334 306 anno

227 341 319 377 tavit
339 337 571 384 Romanus,
599 338 638 373 in
657 336 825 385 Josepho
847 335 1115 386 inveniuntur,
1142 346 1179 375 et
1203 350 1334 386 quam·

224 409 283 448 vis
318 409 406 446 haec
444 418 520 445 non
553 407 644 444 tanti
677 415 766 444 sunt
803 406 1006 454 momenti,
1038 415 1081 445 ut
1118 407 1202 446 ideo
1225 408 1336 458 Jose-

225 479 324 525 phus
361 477 400 515 in
435 478 503 515 hac
540 485 642 526 parte
684 477 785 515 nulla
833 477 971 524 dignus
1009 476 1058 516 sit
1099 477 1199 526 fide,
1251 479 1335 518 illae

225 557 346 586 tamen
378 547 474 585 bene
505 546 843 585 animadvertendae
879 556 997 595 sunt,
1023 558 1070 586 ne
1099 556 1169 586 nos
1200 547 1240 586 in
1274 560 1333 587 er·

225 628 310 655 rore
343 618 493 656 clueant.
571 617 675 655 Num
719 617 911 667 Josephus
955 629 1002 657 an
1048 619 1333 667 interpolatores

225 688 338 738 hujus
374 688 425 726 rei
456 686 532 726 sint
554 699 664 727 causa
697 688 770 727 dici
791 688 945 736 nequit,
977 688 1047 727 etsi
1071 700 1142 738 pro
1158 688 1334 738 Josepho

226 759 385 795 multum
424 767 596 809 pugnent
636 770 678 798 ea
712 770 807 807 quae
848 759 1010 801 diximus
1050 760 1097 798 de
1128 760 1333 810 illoCap.

228 829 278 867 11.
315 829 350 877 ᾗ.
381 839 417 876 5.
1360 873 1365 875 ξ

277 898 473 949 Quidquid
497 899 609 949 hujus
631 899 682 937 rei
703 899 781 948 sit,
805 900 918 940 verba
942 901 1041 940 Petri
1075 900 1213 943 Brinck
1232 899 1335 954 (ι),
1359 942 1361 945 ,

229 968 368 1017 quibus
414 979 565 1008 examen
598 981 707 1007 suum
745 970 1022 1020 chronologiae
1056 970 1214 1020 Josephi
1257 970 1338 1023 his-

227 1039 419 1087 toriaeque
464 1039 655 1077 concludit
679 1067 692 1086 ,
745 1040 903 1080 multum
950 1041 1087 1079 habent
1129 1041 1335 1081 veritatis:

229 1136 254 1157 ,‚
279 1109 424 1148 Moneo
435 1109 479 1156 ‚”
503 1109 653 1158 inquit,
683 1135 709 1157 „-
734 1121 792 1149 me
811 1110 877 1148 illo
903 1122 1058 1150 recensu
1070 1123 1148 1151 non
1170 1112 1208 1151 id
1220 1111 1340 1151 dixis·

226 1189 293 1227 se,
321 1188 363 1217 ut
394 1179 475 1227 ipse
507 1179 724 1229 Josephus,
765 1181 950 1230 mendax,
979 1181 1171 1230 fallaxque
1208 1191 1340 1221 auctor

230 1252 464 1298 crederetur,
493 1251 559 1289 sed
591 1261 632 1288 ut
665 1260 879 1298 constaret,
901 1251 1108 1300 Josephum
1144 1251 1183 1290 in
1217 1252 1352 1301 prisca

231 1319 352 1368 gentis
399 1327 488 1357 suae
533 1319 689 1358 historia
733 1319 879 1359 Graece
920 1322 1210 1369 conscribenda,
1259 1333 1337 1360 non

231 1391 336 1429 solos
364 1390 567 1439 scriptores
604 1401 729 1428 sacros
761 1391 829 1429 sed
857 1391 950 1429 alios
972 1391 1078 1429 etiam
1104 1392 1226 1440 gentis
1251 1403 1340 1430 suae

228 1461 457 1509 historicos,
506 1469 544 1498 et
579 1461 650 1499 hos
688 1461 872 1499 interdurn
908 1460 1065 1509 propius
1108 1473 1216 1509 quarn
1250 1461 1355 1501 illos*

228 1541 399 1571 secutum
430 1543 537 1579 esse,
574 1540 610 1569 et
635 1530 689 1569 sic
713 1530 851 1569 factum
880 1539 922 1568 ut
954 1543 975 1569 a
1010 1529 1128 1570 literis
1161 1530 1276 1571 sacris
1301 1540 1352 1570 et>

229 1602 386 1641 veritate
418 1613 539 1640 rerum
571 1613 680 1650 saepe
706 1601 952 1650 aberraverit,
976 1611 1055 1640 non
1084 1603 1129 1640 de
1158 1601 1354 1642 industria

228 1674 405 1721 mendax,
454 1672 522 1711 scd
551 1671 761 1721 improvide
793 1672 984 1710 credulus.
1058 1672 1241 1722 Quamvis
1275 1684 1342 1710 au-

227 1754 327 1792 tem,
355 1743 458 1792 quod
490 1741 707 1790 fatendum,
732 1751 805 1783 suo
845 1741 952 1780 etiam
991 1741 1112 1790 ipsius
1146 1742 1241 1780 vitio
1273 1751 1339 1781 aut

231 1816 359 1854 saltem
394 1812 522 1863 majori
567 1812 800 1860 eloquentiae
834 1820 871 1850 et
900 1812 1110 1859 splendoris
1139 1823 1250 1859 quam
1277 1824 1340 1851 ve-

230 1884 349 1923 ritatis
384 1883 537 1930 studio,
590 1893 669 1921 non
705 1893 788 1920 raro
821 1890 950 1931 peccet
990 1882 1209 1931 Josephus,
1261 1893 1339 1922 non

229 1955 363 1993 desinit
403 1963 524 1992 tamen
576 1964 657 1992 esse
696 1951 858 2000 scriptor
900 1950 1058 2001 diligens
1080 1979 1094 1999 ‚
1148 1952 1338 2001 disertus,

230 2027 376 2073 elegans
419 2032 456 2061 et
490 2023 626 2071 dignus
667 2022 732 2071 qui
773 2021 888 2060 sacris
929 2030 1001 2060 tam
1040 2022 1094 2061 N.
1136 2033 1248 2070 quam
1281 2022 1335 2062 V.

1263 2099 1339 2131 tes-

261 2189 315 2235 (η’)
334 2197 403 2226 Hoc
426 2200 503 2231 opus
528 2200 624 2224 exstat
653 2193 742 2223 etiam
774 2192 804 2222 in
831 2191 1043 2230 Havercampii
1077 2191 1215 2223 editione
1241 2194 1332 2232 Jose-

222 2255 287 2292 phi.
