1487 2703
205 168 253 211 μ
428 161 1089 205 COMMENTATIO

693 303 730 349 §.
785 316 821 341 2.

567 448 751 501 *Definitio
785 451 942 490 Causae.

255 628 287 648 „
314 601 528 648 Numquam
543 629 555 648 ‚
585 603 693 649 quale
714 602 763 640 sit
793 601 913 650 illud,
938 602 984 640 de
1005 614 1082 651 quo
1104 602 1312 652 disputabi-

205 697 236 717 „
263 679 346 717 tur,
374 670 531 719 intelligi
556 671 722 720 poterit,
749 671 848 719 nisi,
885 672 976 720 quid
1002 673 1079 721 sit,
1106 671 1220 712 fuerit
1252 659 1309 711 in·

203 768 235 787 ,‚
262 740 448 779 tellectum
483 741 600 789 prius.
655 741 780 791 Quare
805 743 877 780 hoc
907 743 1065 790 primum
1089 742 1308 788 videamus,

203 837 235 856 „
263 810 355 857 quid
391 810 441 847 sit
471 811 543 849 hoc
583 811 737 859 ipsum,
780 811 885 859 quod
907 812 1131 859 quaerimus.
1154 812 1180 828 ”
1231 811 1310 850 Cui

202 877 479 917 Ciceronis
506 879 575 927 (1)
612 891 723 918 aureo
745 889 941 929 praecepto
969 879 1182 919 satisfacere
1202 891 1311 918 num-

206 958 313 994 quam
338 947 549 994 difficilius,
572 960 681 996 quam
703 949 762 987 hic
778 961 887 995 esse,
916 950 948 987 si
973 958 1177 988 statuamus
1192 978 1205 997 ‚
1231 960 1309 988 non

202 1025 337 1054 temere
351 1015 484 1055 facturi
503 1017 671 1055 videmur
688 1043 701 1066 ,
715 1029 797 1056 nam
812 1047 825 1065 ‚
838 1028 979 1057 tacente
999 1021 1078 1068 lege
1090 1047 1102 1066 ,
1129 1020 1313 1069 Interpre-

203 1093 286 1132 tes,
320 1097 389 1133 pro
415 1087 535 1125 lubitu
560 1101 695 1126 causae
732 1088 982 1127 definitionem
1003 1089 1075 1127 sibi
1102 1089 1312 1138 fingentes,

203 1166 248 1194 ex
277 1156 349 1193 hoc
384 1168 496 1205 opere
527 1168 604 1195 non
637 1169 765 1206 omnes
790 1170 907 1206 aeque
942 1158 1042 1198 felici
1068 1172 1245 1198 successu
1269 1171 1311 1198 se

203 1224 368 1271 expediti
401 1233 516 1273 sunt3
547 1228 648 1274 quod
686 1227 718 1264 si
751 1228 906 1276 probare
940 1229 1173 1277 poterimus,
1200 1241 1309 1273 nemo

204 1293 422 1340 mirabitur,
473 1306 537 1332 eos
577 1297 613 1332 in
651 1307 801 1344 magnos
846 1296 1021 1336 incidisse
1063 1310 1203 1336 errores
1248 1310 1310 1337 ex-

201 1371 384 1409 ponentes
424 1363 654 1411 doctrinam,
694 1376 801 1412 quam
834 1364 937 1404 falsis
980 1375 1312 1414 superstruxerunt

201 1430 471 1480 fundamenti53
525 1445 684 1481 quorum
722 1445 888 1473 errorum
937 1435 1080 1473 nullum
1120 1447 1314 1473 occurrere

200 1500 463 1549 frequentius,
492 1514 601 1550 quam
639 1514 749 1550 eum,
777 1515 853 1551 quo
886 1515 1033 1541 causam
1069 1503 1310 1553 obligationis

202 1581 286 1607 cum
315 1570 444 1608 ceteris
469 1571 660 1619 requisitis
688 1573 825 1620 passim
853 1571 1115 1620 confundunt,
1143 1583 1231 1610 mox
1253 1571 1312 1610 vi-

205 1639 391 1679 debimus.

253 1710 487 1748 Conabimur
524 1712 649 1759 itaque
682 1711 965 1760 praecipuorum
1008 1711 1212 1749 doctrinam
1248 1722 1310 1748 ex-

202 1791 368 1827 ponere,
395 1789 533 1828 atque,
569 1782 634 1819 ubi
672 1793 768 1829 opus
801 1782 895 1828 erit,
924 1793 996 1828 qua
1022 1793 1087 1830 par
1122 1791 1202 1830 est,
1230 1792 1311 1818 mo-

203 1849 319 1886 destia
356 1849 541 1898 refutare,
577 1859 621 1889 ut
652 1851 797 1888 tandem
837 1851 1038 1906 eligamus,
1067 1850 1308 1898 quae1nobis

202 1929 288 1965 prae
306 1919 436 1958 ceteris
459 1932 544 1958 vera
566 1932 607 1959 ac
636 1921 886 1969 legislatorum
921 1922 1034 1959 menti
1066 1929 1310 1960 consentanea

200 1989 381 2028 videatur.

1234 2059 1313 2098 Pri·

241 2166 290 2204 (ι)
312 2169 356 2196 De
382 2168 500 2203 republ.
532 2169 586 2199 lib.
611 2144 639 2197 f.
666 2177 733 2204 cap.
761 2179 809 2207 24.
837 2184 872 2190 —
903 2171 982 2202 Add,
1002 2171 1044 2198 'de
1071 2171 1172 2203 Orac,
1202 2169 1255 2198 lib.
1282 2169 1308 2197 1.

206 2232 271 2259 cap.
296 2229 342 2261 42.
