1487 2703
446 164 883 212 JtJRtDICA.
1182 173 1231 210 75

122 279 161 316 in
191 275 440 326 praestatione
472 278 578 326 ejus,
607 275 712 323 quod
736 275 854 314 facere
884 274 1091 311 conductor
1114 271 1234 310 valide

119 350 193 399 jam
213 346 426 385 tenebatur·
479 346 775 403 Conventionem
805 343 919 393 igitur
945 344 1131 382 occultant
1152 353 1238 390 spe-

120 421 181 458 cie
203 419 373 457 simulata
407 417 579 455 emtionis
623 416 864 454 venditionis.
918 416 1083 454 Locator
1115 423 1236 452 autem

123 500 171 527 ex
202 499 243 526 ea
270 495 477 526 conventus
515 485 674 535 probare
697 486 833 533 debet,
859 494 938 524 tum
971 495 1117 523 causam
1147 485 1238 522 hanc

124 563 177 598 in·
199 559 451 597 conventione
484 568 692 605 expressam
728 567 850 594 veram
884 555 1124 605 obligationis
1156 566 1244 592 cau-

126 640 205 668 sam
228 639 304 666 non
330 626 474 675 fuisse,
499 635 579 665 tum
607 637 684 664 eam
709 636 833 663 veram
860 636 1005 663 causam
1031 623 1149 663 fuisse
1175 623 1245 661 illi-

129 699 256 738 citam.
319 698 496 737 Probatio
529 696 687 734 locatori
715 707 778 733 reo
809 703 1003 744 propterea
1035 676 1244 741 incumbit,

131 770 220 817 quia
259 768 477 816 excipiendo
517 767 560 804 fit
599 774 732 812 actor,
760 774 820 812 et,
856 765 941 812 quia
964 765 1001 802 in
1037 765 1099 802 tali
1124 765 1249 813 specie

129 838 356 887 praesumtio
380 849 449 885 pro
469 845 592 874 actore
615 834 763 874 militat.
817 835 956 883 Neque
975 834 1012 872 in
1036 835 1107 872 hoc
1131 846 1250 872 exem-

128 908 195 956 plo
216 906 380 945 'difficilis
416 906 512 954 erit,
554 906 728 953 quoniam
763 906 927 953 locator,
956 906 1014 942 vel
1038 905 1111 943 alia
1135 906 1251 954 scrip-

129 986 238 1025 tura,
260 978 321 1015 vel
344 977 427 1025 ipso
456 976 652 1014 locationis
675 976 948 1022 instrumento,
963 974 1072 1012 facile
1096 975 1252 1024 probare

131 1047 296 1097 poterit,
324 1059 364 1084 se
397 1058 480 1084 esse
516 1046 656 1084 aedium
684 1045 889 1083 dominum.
918 1062 977 1071 —-
1002 1045 1105 1094 Quid
1133 1057 1248 1092 vero,

132 1118 167 1157 si
201 1129 268 1166 per
304 1117 525 1166 scripturam
564 1115 642 1154 fieri
677 1115 810 1163 nequit
854 1115 1057 1164 probatio?
1109 1117 1171 1153 An
1215 1125 1251 1154 et

134 1188 195 1226 hic
223 1188 397 1236 probatio
433 1197 499 1235 per
538 1194 652 1224 testes
684 1186 936 1223 admittenda?
961 1202 1018 1210 --
1045 1186 1135 1223 Non
1174 1197 1254 1223 cre-

134 1259 256 1297 dimus
284 1259 378 1306 (1):
420 1268 459 1294 v.
487 1268 522 1294 c.
562 1256 710 1304 Cajus
741 1255 878 1293 Titio
915 1264 1050 1293 certam
1077 1258 1254 1304 pecuniae

134 1339 313 1367 summam
349 1326 563 1375 promittit,
612 1334 653 1363 ut
701 1323 872 1363 Titius
916 1325 1039 1374 Cajo
1076 1325 1255 1364 auxilium
1307 1353 1309 1356 -

136 1399 196 1436 vel
224 1409 332 1446 opem
367 1397 406 1434 in
437 1409 474 1434 re
509 1395 630 1443 aliqua
659 1396 815 1434 honesta
856 1404 1040 1443 praestet=3
1068 1397 1158 1434 haec
1192 1408 1257 1435 au·

136 1474 210 1506 tem
248 1479 358 1506 causa
389 1476 531 1504 tantum
562 1465 784 1512 simulatur,
813 1474 854 1503 ut
889 1477 976 1504 vera
1003 1467 1135 1514 lateat,
1164 1478 1258 1515 quae

138 1540 178 1577 in
215 1548 261 1575 eo
291 1537 361 1575 sita
394 1545 477 1583 est,
507 1543 547 1572 ut
577 1534 756 1572 Titius
782 1547 802 1572 a
828 1535 981 1572 crimine
1007 1537 1167 1582 quodam
1193 1536 1257 1573 ab-

136 1609 283 1648 stineat.
337 1608 430 1645 Eam
471 1617 619 1644 causam
663 1605 748 1655 Caj
763 1617 814 1642 us
851 1616 916 1652 per
954 1613 1064 1643 testes
1100 1605 1259 1654 probare

137 1678 297 1726 nequit,
350 1676 524 1724 quoniam
557 1676 618 1714 hic
646 1686 723 1713 non
758 1685 814 1714 est
842 1674 989 1714 initium
1026 1676 1257 1725 probationis

138 1760 206 1797 per
234 1747 453 1796 scripturam
472 1774 485 1793 ,
526 1757 633 1793 nam,
678 1746 846 1794 quamvis
879 1747 975 1784 adsit
1006 1748 1139 1785 titulus
1169 1759 1259 1785 con-

141 1817 328 1858 ventionis
370 1830 390 1855 a
428 1817 575 1855 Titio
614 1817 825 1864 oriundus,
859 1827 903 1854 ex
937 1827 982 1854 eo
1026 1828 1257 1865 nequaquam

140 1888 339 1928 verisimile
362 1888 430 1934 fit,
452 1888 590 1925 factum
618 1888 834 1936 allegatum,
869 1886 1009 1925 scilicet
1037 1887 1257 1935 conventio-v

141 1972 224 1998 nem
262 1959 424 1997 illicitam
457 1959 591 1996 habere
628 1969 798 2005 causam,
853 1956 928 1994 imo
964 1966 1092 1996 contra
1129 1970 1174 1996 ex
1210 1970 1255 1997 eo

140 2030 295 2070 omnino
328 2028 521 2079 probabile
546 2036 628 2076 est,
667 2039 744 2066 earn
771 2027 907 2066 licitam
931 2026 1064 2066 habere
1092 2040 1278 2072 causam„

140 2101 227 2141 Alio
277 2100 388 2149 igitur
431 2099 543 2137 modo
586 2097 750 2137 facienda
785 2105 841 2136 est
875 2097 1075 2146 probatio,
1129 2110 1252 2147 quae,

1212 2177 1255 2208 ut

182 2252 234 2290 (ι)
254 2253 335 2282 Idem
353 2252 443 2281 docet
460 2253 669 2281 Dttranton
682 2232 696 2287 ³>
713 2253 734 2281 1.
753 2253 775 2280 l.
798 2252 885 2281 Tom.
910 2261 939 2289 4.
958 2257 1008 2282 n0.
1036 2255 1121 2289 1398·
