1487 2703
169 158 217 193 42
408 145 1073 190 COMMENTATIO

164 256 249 304 tio,
300 254 451 303 impedit
486 255 581 300 hoc,
636 255 739 302 quod
777 255 894 303 ipsius
931 255 1192 294 conventionis
1221 267 1276 295 re-

164 323 314 371 quisitis
350 333 624 361 annumeretur.

213 395 331 434 Porro
365 406 474 432 causa
514 394 574 432 ilia
612 394 851 442 obligationis
903 394 973 432 sita
1015 404 1072 433 est
1109 396 1146 433 in
1193 407 1278 433 con·

159 464 345 503 tracthus
358 467 515 503 onerosis
534 466 808 503 commmativis
834 464 871 500 in
896 465 1144 512 praestatione
1165 466 1246 514 ejus
1260 495 1274 513 ‚

164 535 266 582 quod
290 535 379 572 aiter
404 536 526 572 debet.
557 534 618 572 Sic
645 534 682 571 in
708 535 868 571 emtione
896 535 1110 573 venditione
1137 546 1275 583 causa,

163 616 258 652 quae
285 604 399 651 facit,
428 615 470 642 ut
504 614 622 642 emtor
649 605 694 642 ad
722 604 882 653 pretinm
920 605 1141 643 solvendum
1179 605 1276 643 obn-

163 684 270 723 gatus
304 675 379 721 sit,
421 685 477 712 est
508 675 709 723 praestatio
735 675 794 731 vrei
831 675 1002 712 venditae
1025 687 1051 723 *a
1081 675 1277 713 venditore

162 744 259 783 facta
292 754 356 782 ant
387 744 578 792 facienda,
621 755 656 782 et
694 745 748 783 sic
783 744 968 783 vicissim.
1025 745 1068 784 In
1107 754 1278 785 contrac-

163 814 259 852 tibus
295 816 450 852 onerosis
486 815 678 852 aleatoriis
708 809 882 852 Consistit
913 815 957 852 ab
988 824 1144 864 utraque
1171 824 1276 864 parte

164 884 203 922 in
237 885 427 932 periculo,
457 885 562 932 quod
591 887 700 922 altera
734 896 817 932 pars
852 885 889 922 in
921 897 960 922 se
995 886 1182 935 suscipit;
1223 885 1276 924 sic

165 953 227 1001 ei,
264 955 328 1001 qni
359 955 509 991 domum
546 966 649 990 snam
685 955 859 993 adversus
895 955 1102 993 incendium
1136 968 1281 994 assecu-

166 1032 256 1067 rat,
283 1035 392 1061 causa
425 1023 662 1070 obligationis
691 1033 747 1060 est
774 1024 1004 1071 periculum,
1034 1035 1110 1071 quo
1135 1037 1278 1063 assecu-

166 1102 277 1130 rator
303 1102 404 1130 certo
433 1103 521 1130 casn
561 1101 705 1129 tenetur
743 1093 786 1130 de
826 1094 938 1130 domo
963 1093 1216 1141 restituenda,
1243 1102 1281 1132 et

162 1161 340 1201 vicissim.
369 1185 420 1192 —-
446 1161 487 1199 In
513 1162 764 1200 contractibus
796 1164 955 1211 denique
977 1166 1163 1213 gratuitis
1189 1164 1280 1202 libe-

163 1232 313 1278 ralitas,
367 1243 475 1280 quam
517 1233 607 1269 alter
654 1232 692 1269 in
729 1233 882 1270 alterum
922 1245 1089 1271 exercere
1128 1235 1208 1272 vult
1247 1235 1280 1272 ei

164 1301 348 1341 sufficiens
384 1314 493 1339 causa
525 1312 581 1339 est
620 1301 885 1350 obligationis,
930 1315 1039 1350 quam
1062 1303 1135 1341 sibi
1160 1303 1281 1352 impo-

165 1371 236 1410 nit.

217 1442 458 1481 Conveniunt
498 1443 583 1479 haec
614 1442 738 1478 omnia
779 1453 863 1478 cum
900 1442 972 1487 iis,
1013 1453 1107 1489 quae
1133 1443 1281 1480 tradidit

167 1512 488 1552 Pothierius
529 1511 612 1561 (1).
666 1512 724 1548 De
762 1511 854 1548 solis
892 1512 1145 1549 contractibus
1182 1523 1284 1550 cotn-

168 1582 359 1622 mutativis
387 1582 545 1618 fortasse
573 1581 731 1618 dubitari
764 1589 908 1629 posset.
937 1581 1035 1618 Nam
1061 1582 1098 1618 in
1127 1582 1172 1620 iis
1196 1595 1283 1621 can·

170 1665 245 1692 sani
284 1652 439 1700 positam
478 1651 566 1689 dicit
602 1652 640 1688 in
675 1663 746 1696 co,
776 1652 877 1698 quod
911 1653 1002 1689 aiter
1030 1653 1092 1690 dat
1116 1664 1179 1691 aut
1200 1654 1284 1692 dare

172 1736 212 1763 se
245 1723 402 1770 obligat.
455 1722 654 1766 Attamen,
708 1732 753 1758 ex
787 1721 985 1769 omnibus,
1040 1734 1132 1770 quae
1160 1725 1204 1761 ad
1242 1735 1282 1762 ea

170 1794 281 1832 latins
311 1792 524 1841 explicanda
559 1792 677 1837 dixit,
705 1791 887 1828 credi-inus
938 1802 1018 1830 tute
1042 1793 1159 1841 accipi
1194 1805 1283 1842 pos-

175 1877 244 1911 se,
297 1874 379 1901 enm
420 1863 462 1899 de
497 1864 750 1912 praestatione
790 1863 846 1898 rei
881 1861 1032 1908 potius,
1059 1915 1063 1917 λ
1088 1875 1196 1910 quam
1240 1865 1285 1902 de

174 1936 256 1984 ipsa
290 1947 360 1981 rc,
402 1932 600 1980 cogitasse.
681 1932 866 1969 vr‘raeteiea
898 1942 979 1968 etun
1005 1932 1119 1970 verbo
1147 1932 1286 1972 donner

176 2005 248 2044 hoc
280 2006 367 2042 loco
397 2014 505 2040 usum
546 2013 627 2039 esse
662 2003 737 2039 lato
777 2013 916 2048 sensu,
946 2002 1021 2049 ita,
1054 2011 1096 2039 ut
1130 2003 1202 2041 snb
1241 2015 1285 2041 eo

177 2085 249 2114 tam
277 2074 458 2125 factum,
487 2084 594 2119 quam
618 2071 802 2109 dationem
833 2073 1148 2120 comprehendat,
1186 2082 1286 2111 extra

1223 2143 1290 2180 du·

220 2229 271 2266 (Ξ)
292 2230 324 2257 L=
346 2231 368 2255 1.
391 2227 439 2256 κισ.
460 2237 507 2263 42-
