<?xml version="1.0" encoding="UTF-8"?>
<!DOCTYPE html PUBLIC "-//W3C//DTD XHTML 1.0 Transitional//EN"
    "http://www.w3.org/TR/xhtml1/DTD/xhtml1-transitional.dtd">
<html xmlns="http://www.w3.org/1999/xhtml" xml:lang="en" lang="en">
 <head>
  <title>
</title>
<meta http-equiv="Content-Type" content="text/html;charset=utf-8" />
  <meta name='ocr-system' content='tesseract 3.04.00' />
  <meta name='ocr-capabilities' content='ocr_page ocr_carea ocr_par ocr_line ocrx_word'/>
</head>
<body>
  <div class='ocr_page' id='page_1' title='image "annalesacademiae34rhen_0570.png"; bbox 0 0 1487 2703; ppageno 0'>
   <div class='ocr_carea' id='block_1_1' title="bbox 256 208 1152 270">
    <p class='ocr_par' dir='ltr' id='par_1_1' title="bbox 256 208 1152 270">
     <span class='ocr_line' id='line_1_1' title="bbox 256 208 1152 270; baseline -0.013 -12"><span class='ocrx_word' id='word_1_1' title='bbox 256 222 305 270; x_wconf 69' lang='lat'><strong>3⁶</strong></span> <span class='ocrx_word' id='word_1_2' title='bbox 487 208 1152 252; x_wconf 82' lang='lat' dir='ltr'><strong>COMMENTATIO</strong></span> 
     </span>
    </p>
   </div>
   <div class='ocr_carea' id='block_1_2' title="bbox 260 316 1401 2166">
    <p class='ocr_par' dir='ltr' id='par_1_2' title="bbox 260 316 1387 1056">
     <span class='ocr_line' id='line_1_2' title="bbox 260 316 1373 369; baseline -0.01 -4"><span class='ocrx_word' id='word_1_3' title='bbox 260 324 412 365; x_wconf 88' lang='lat' dir='ltr'><strong>malielis</strong></span> <span class='ocrx_word' id='word_1_4' title='bbox 447 321 593 369; x_wconf 81' lang='lat' dir='ltr'><strong>filium,</strong></span> <span class='ocrx_word' id='word_1_5' title='bbox 621 319 686 367; x_wconf 90' lang='lat' dir='ltr'><strong>qui</strong></span> <span class='ocrx_word' id='word_1_6' title='bbox 717 330 799 356; x_wconf 87' lang='lat' dir='ltr'><strong>eum</strong></span> <span class='ocrx_word' id='word_1_7' title='bbox 835 318 1100 364; x_wconf 83' lang='lat' dir='ltr'><strong>obsecrarent,</strong></span> <span class='ocrx_word' id='word_1_8' title='bbox 1128 327 1170 356; x_wconf 91' lang='lat' dir='ltr'><strong>ut</strong></span> <span class='ocrx_word' id='word_1_9' title='bbox 1204 316 1373 355; x_wconf 76' lang='lat' dir='ltr'>suaderet</span> 
     </span>
     <span class='ocr_line' id='line_1_3' title="bbox 260 387 1375 439; baseline -0.008 -6"><span class='ocrx_word' id='word_1_10' title='bbox 260 394 408 434; x_wconf 81' lang='lat' dir='ltr'><strong>civibus</strong></span> <span class='ocrx_word' id='word_1_11' title='bbox 453 393 621 430; x_wconf 88' lang='lat' dir='ltr'><strong>oblatum</strong></span> <span class='ocrx_word' id='word_1_12' title='bbox 657 390 825 439; x_wconf 65' lang='lat' dir='ltr'><strong>josepho</strong></span> <span class='ocrx_word' id='word_1_13' title='bbox 866 387 1059 435; x_wconf 85' lang='lat' dir='ltr'><strong>imperium</strong></span> <span class='ocrx_word' id='word_1_14' title='bbox 1094 388 1134 430; x_wconf 76' lang='lat' dir='ltr'><strong>vin</strong></span> <span class='ocrx_word' id='word_1_15' title='bbox 1164 388 1375 436; x_wconf 79' lang='lat' dir='ltr'><strong>Johannem</strong></span> 
     </span>
     <span class='ocr_line' id='line_1_4' title="bbox 262 457 1377 505; baseline -0.007 -3"><span class='ocrx_word' id='word_1_16' title='bbox 262 462 447 503; x_wconf 83' lang='lat' dir='ltr'><strong>conferre.</strong></span> <span class='ocrx_word' id='word_1_17' title='bbox 502 461 630 498; x_wconf 84' lang='lat' dir='ltr'>Simon</span> <span class='ocrx_word' id='word_1_18' title='bbox 661 459 747 505; x_wconf 87' lang='lat' dir='ltr'><strong>ille,</strong></span> <span class='ocrx_word' id='word_1_19' title='bbox 776 458 832 496; x_wconf 89' lang='lat' dir='ltr'><strong>vir</strong></span> <span class='ocrx_word' id='word_1_20' title='bbox 866 457 1084 504; x_wconf 86' lang='lat' dir='ltr'><strong>ceteroquin</strong></span> <span class='ocrx_word' id='word_1_21' title='bbox 1116 457 1252 496; x_wconf 83' lang='lat' dir='ltr'><strong>illustri</strong></span> <span class='ocrx_word' id='word_1_22' title='bbox 1287 459 1377 495; x_wconf 80' lang='lat' dir='ltr'><strong>loco</strong></span> 
     </span>
     <span class='ocr_line' id='line_1_5' title="bbox 265 526 1380 575; baseline -0.008 -4"><span class='ocrx_word' id='word_1_23' title='bbox 265 542 372 571; x_wconf 86' lang='lat' dir='ltr'><strong>natus</strong></span> <span class='ocrx_word' id='word_1_24' title='bbox 407 541 443 569; x_wconf 91' lang='lat' dir='ltr'><strong>et</strong></span> <span class='ocrx_word' id='word_1_25' title='bbox 476 531 610 567; x_wconf 84' lang='lat' dir='ltr'><strong>doctus</strong></span> <span class='ocrx_word' id='word_1_26' title='bbox 637 528 754 574; x_wconf 80' lang='lat' dir='ltr'><strong>adeo,</strong></span> <span class='ocrx_word' id='word_1_27' title='bbox 782 527 922 564; x_wconf 86' lang='lat' dir='ltr'><strong>amicus</strong></span> <span class='ocrx_word' id='word_1_28' title='bbox 964 535 1040 564; x_wconf 87' lang='lat' dir='ltr'><strong>erat</strong></span> <span class='ocrx_word' id='word_1_29' title='bbox 1069 526 1248 574; x_wconf 90' lang='lat' dir='ltr'><strong>Johannis</strong></span> <span class='ocrx_word' id='word_1_30' title='bbox 1268 526 1380 575; x_wconf 85' lang='lat' dir='ltr'><strong>Jose-</strong></span> 
     </span>
     <span class='ocr_line' id='line_1_6' title="bbox 266 594 1380 650; baseline -0.005 -10"><span class='ocrx_word' id='word_1_31' title='bbox 266 603 421 650; x_wconf 86' lang='lat' dir='ltr'><strong>phoque</strong></span> <span class='ocrx_word' id='word_1_32' title='bbox 471 599 666 646; x_wconf 52' lang='lat' dir='ltr'><strong>infensum,</strong></span> <span class='ocrx_word' id='word_1_33' title='bbox 717 597 886 635; x_wconf 84' lang='lat' dir='ltr'><strong>lubenter</strong></span> <span class='ocrx_word' id='word_1_34' title='bbox 925 607 1014 644; x_wconf 87' lang='lat' dir='ltr'><strong>ergo</strong></span> <span class='ocrx_word' id='word_1_35' title='bbox 1052 595 1085 634; x_wconf 83' lang='lat' dir='ltr'><strong>ei</strong></span> <span class='ocrx_word' id='word_1_36' title='bbox 1126 594 1306 634; x_wconf 81' lang='lat' dir='ltr'><strong>satisfecit</strong></span> <span class='ocrx_word' id='word_1_37' title='bbox 1343 604 1380 634; x_wconf 92' lang='lat' dir='ltr'><strong>et</strong></span> 
     </span>
     <span class='ocr_line' id='line_1_7' title="bbox 267 665 1381 718; baseline -0.006 -8"><span class='ocrx_word' id='word_1_38' title='bbox 267 675 453 717; x_wconf 74' lang='lat' dir='ltr'><strong>Amano,</strong></span> <span class='ocrx_word' id='word_1_39' title='bbox 489 668 671 718; x_wconf 86' lang='lat' dir='ltr'><strong>Jesuique</strong></span> <span class='ocrx_word' id='word_1_40' title='bbox 706 667 879 705; x_wconf 89' lang='lat' dir='ltr'><strong>Gamalae</strong></span> <span class='ocrx_word' id='word_1_41' title='bbox 903 667 980 705; x_wconf 87' lang='lat' dir='ltr'><strong>filio</strong></span> <span class='ocrx_word' id='word_1_42' title='bbox 1016 666 1172 714; x_wconf 88' lang='lat' dir='ltr'><strong>aliisque</strong></span> <span class='ocrx_word' id='word_1_43' title='bbox 1203 665 1381 704; x_wconf 86' lang='lat' dir='ltr'><strong>suadebat</strong></span> 
     </span>
     <span class='ocr_line' id='line_1_8' title="bbox 268 735 1380 790; baseline -0.004 -12"><span class='ocrx_word' id='word_1_44' title='bbox 268 750 311 779; x_wconf 90' lang='lat' dir='ltr'><strong>ut</strong></span> <span class='ocrx_word' id='word_1_45' title='bbox 340 739 547 790; x_wconf 89' lang='lat' dir='ltr'><strong>Josephum</strong></span> <span class='ocrx_word' id='word_1_46' title='bbox 581 750 601 775; x_wconf 89' lang='lat' dir='ltr'><strong>e</strong></span> <span class='ocrx_word' id='word_1_47' title='bbox 649 737 835 776; x_wconf 84' lang='lat' dir='ltr'><strong>Galilaeae</strong></span> <span class='ocrx_word' id='word_1_48' title='bbox 876 735 1105 785; x_wconf 84' lang='lat' dir='ltr'><strong>praefectura</strong></span> <span class='ocrx_word' id='word_1_49' title='bbox 1152 744 1380 774; x_wconf 86' lang='lat' dir='ltr'><strong>revocarent.</strong></span> 
     </span>
     <span class='ocr_line' id='line_1_9' title="bbox 271 805 1382 854; baseline -0.004 -6"><span class='ocrx_word' id='word_1_50' title='bbox 271 811 451 849; x_wconf 75' lang='lat' dir='ltr'><strong>Annanus</strong></span> <span class='ocrx_word' id='word_1_51' title='bbox 489 819 576 846; x_wconf 82' lang='lat' dir='ltr'><strong>vero</strong></span> <span class='ocrx_word' id='word_1_52' title='bbox 609 807 744 854; x_wconf 89' lang='lat' dir='ltr'><strong>aliique</strong></span> <span class='ocrx_word' id='word_1_53' title='bbox 769 806 1042 844; x_wconf 85' lang='lat' dir='ltr'><strong>contendebant</strong></span> <span class='ocrx_word' id='word_1_54' title='bbox 1065 805 1103 843; x_wconf 91' lang='lat' dir='ltr'><strong>id</strong></span> <span class='ocrx_word' id='word_1_55' title='bbox 1129 805 1382 844; x_wconf 87' lang='lat' dir='ltr'><strong>difficillimum</strong></span> 
     </span>
     <span class='ocr_line' id='line_1_10' title="bbox 270 875 1387 926; baseline -0.003 -9"><span class='ocrx_word' id='word_1_56' title='bbox 270 880 352 918; x_wconf 88' lang='lat' dir='ltr'><strong>fore</strong></span> <span class='ocrx_word' id='word_1_57' title='bbox 383 878 432 916; x_wconf 95' lang='lat' dir='ltr'><strong>ob</strong></span> <span class='ocrx_word' id='word_1_58' title='bbox 460 877 609 926; x_wconf 86' lang='lat' dir='ltr'><strong>gratiam</strong></span> <span class='ocrx_word' id='word_1_59' title='bbox 638 888 710 924; x_wconf 89' lang='lat' dir='ltr'><strong>qua</strong></span> <span class='ocrx_word' id='word_1_60' title='bbox 731 876 922 924; x_wconf 84' lang='lat' dir='ltr'><strong>Josephus</strong></span> <span class='ocrx_word' id='word_1_61' title='bbox 945 876 1044 923; x_wconf 87' lang='lat' dir='ltr'><strong>apud</strong></span> <span class='ocrx_word' id='word_1_62' title='bbox 1068 876 1251 923; x_wconf 86' lang='lat' dir='ltr'><strong>populum</strong></span> <span class='ocrx_word' id='word_1_63' title='bbox 1284 875 1387 914; x_wconf 88' lang='lat' dir='ltr'><strong>frue-</strong></span> 
     </span>
     <span class='ocr_line' id='line_1_11' title="bbox 270 946 1386 995; baseline -0.004 -8"><span class='ocrx_word' id='word_1_64' title='bbox 270 951 406 995; x_wconf 82' lang='lat' dir='ltr'><strong>batur,</strong></span> <span class='ocrx_word' id='word_1_65' title='bbox 460 959 568 995; x_wconf 89' lang='lat' dir='ltr'><strong>quam</strong></span> <span class='ocrx_word' id='word_1_66' title='bbox 616 946 666 984; x_wconf 89' lang='lat' dir='ltr'><strong>ob</strong></span> <span class='ocrx_word' id='word_1_67' title='bbox 714 957 788 982; x_wconf 87' lang='lat' dir='ltr'><strong>rem</strong></span> <span class='ocrx_word' id='word_1_68' title='bbox 836 955 1059 983; x_wconf 82' lang='lat' dir='ltr'><strong>consensum</strong></span> <span class='ocrx_word' id='word_1_69' title='bbox 1113 946 1197 982; x_wconf 90' lang='lat' dir='ltr'><strong>dare</strong></span> <span class='ocrx_word' id='word_1_70' title='bbox 1241 956 1386 983; x_wconf 88' lang='lat' dir='ltr'><strong>recusa-</strong></span> 
     </span>
     <span class='ocr_line' id='line_1_12' title="bbox 273 1027 374 1056; baseline -0.04 0"><span class='ocrx_word' id='word_1_71' title='bbox 273 1027 374 1056; x_wconf 77' lang='lat' dir='ltr'><strong>runt.</strong></span> 
     </span>
    </p>

    <p class='ocr_par' dir='ltr' id='par_1_3' title="bbox 272 1083 1401 2112">
     <span class='ocr_line' id='line_1_13' title="bbox 329 1083 1387 1132; baseline -0.004 -6"><span class='ocrx_word' id='word_1_72' title='bbox 329 1088 485 1132; x_wconf 87' lang='lat' dir='ltr'><strong>Simon,</strong></span> <span class='ocrx_word' id='word_1_73' title='bbox 526 1096 610 1123; x_wconf 87' lang='lat' dir='ltr'><strong>cum</strong></span> <span class='ocrx_word' id='word_1_74' title='bbox 649 1085 737 1123; x_wconf 91' lang='lat' dir='ltr'><strong>haec</strong></span> <span class='ocrx_word' id='word_1_75' title='bbox 773 1096 830 1122; x_wconf 89' lang='lat' dir='ltr'><strong>res</strong></span> <span class='ocrx_word' id='word_1_76' title='bbox 867 1084 900 1121; x_wconf 87' lang='lat' dir='ltr'><strong>ei</strong></span> <span class='ocrx_word' id='word_1_77' title='bbox 932 1085 1024 1121; x_wconf 90' lang='lat' dir='ltr'><strong>male</strong></span> <span class='ocrx_word' id='word_1_78' title='bbox 1056 1083 1229 1130; x_wconf 82' lang='lat' dir='ltr'><strong>cederet,</strong></span> <span class='ocrx_word' id='word_1_79' title='bbox 1282 1083 1387 1122; x_wconf 87' lang='lat' dir='ltr'><strong>aliam</strong></span> 
     </span>
     <span class='ocr_line' id='line_1_14' title="bbox 272 1153 1390 1206; baseline -0.004 -9"><span class='ocrx_word' id='word_1_80' title='bbox 272 1159 368 1198; x_wconf 87' lang='lat' dir='ltr'><strong>viam</strong></span> <span class='ocrx_word' id='word_1_81' title='bbox 405 1158 593 1206; x_wconf 87' lang='lat' dir='ltr'><strong>ingressus</strong></span> <span class='ocrx_word' id='word_1_82' title='bbox 639 1164 709 1193; x_wconf 86' lang='lat' dir='ltr'><strong>est.</strong></span> <span class='ocrx_word' id='word_1_83' title='bbox 778 1153 900 1193; x_wconf 88' lang='lat' dir='ltr'><strong>Primo</strong></span> <span class='ocrx_word' id='word_1_84' title='bbox 938 1153 1136 1191; x_wconf 85' lang='lat' dir='ltr'><strong>Annanum</strong></span> <span class='ocrx_word' id='word_1_85' title='bbox 1181 1165 1265 1191; x_wconf 86' lang='lat' dir='ltr'><strong>cum</strong></span> <span class='ocrx_word' id='word_1_86' title='bbox 1311 1154 1390 1192; x_wconf 90' lang='lat' dir='ltr'><strong>suis</strong></span> 
     </span>
     <span class='ocr_line' id='line_1_15' title="bbox 277 1210 1392 1272; baseline -0.005 -4"><span class='ocrx_word' id='word_1_87' title='bbox 277 1228 405 1268; x_wconf 90' lang='lat' dir='ltr'><strong>multis</strong></span> <span class='ocrx_word' id='word_1_88' title='bbox 444 1225 658 1265; x_wconf 87' lang='lat' dir='ltr'><strong>muneribus</strong></span> <span class='ocrx_word' id='word_1_89' title='bbox 688 1210 891 1272; x_wconf 80' lang='lat' dir='ltr'><strong>magnaque</strong></span> <span class='ocrx_word' id='word_1_90' title='bbox 923 1223 1099 1271; x_wconf 86' lang='lat' dir='ltr'><strong>pecuniae</strong></span> <span class='ocrx_word' id='word_1_91' title='bbox 1124 1211 1170 1262; x_wconf 63' lang='lat' dir='ltr'><strong>vi⁴</strong></span> <span class='ocrx_word' id='word_1_92' title='bbox 1194 1223 1392 1272; x_wconf 86' lang='lat' dir='ltr'><strong>corrupit;</strong></span> 
     </span>
     <span class='ocr_line' id='line_1_16' title="bbox 273 1292 1391 1344; baseline -0.005 -8"><span class='ocrx_word' id='word_1_93' title='bbox 273 1298 386 1344; x_wconf 86' lang='lat' dir='ltr'><strong>dein,</strong></span> <span class='ocrx_word' id='word_1_94' title='bbox 415 1295 517 1334; x_wconf 89' lang='lat' dir='ltr'><strong>hisce</strong></span> <span class='ocrx_word' id='word_1_95' title='bbox 542 1302 766 1331; x_wconf 87' lang='lat' dir='ltr'><strong>consensum</strong></span> <span class='ocrx_word' id='word_1_96' title='bbox 798 1292 958 1340; x_wconf 85' lang='lat' dir='ltr'><strong>amplius</strong></span> <span class='ocrx_word' id='word_1_97' title='bbox 993 1303 1069 1329; x_wconf 91' lang='lat' dir='ltr'><strong>non</strong></span> <span class='ocrx_word' id='word_1_98' title='bbox 1096 1293 1391 1341; x_wconf 83' lang='lat' dir='ltr'><strong>denegantibus,</strong></span> 
     </span>
     <span class='ocr_line' id='line_1_17' title="bbox 274 1361 1394 1409; baseline -0.005 -3"><span class='ocrx_word' id='word_1_99' title='bbox 274 1369 319 1406; x_wconf 84' lang='lat' dir='ltr'><strong>ad</strong></span> <span class='ocrx_word' id='word_1_100' title='bbox 339 1366 540 1405; x_wconf 85' lang='lat' dir='ltr'><strong>Galilaeam</strong></span> <span class='ocrx_word' id='word_1_101' title='bbox 561 1363 666 1401; x_wconf 88' lang='lat' dir='ltr'><strong>missi</strong></span> <span class='ocrx_word' id='word_1_102' title='bbox 689 1371 778 1401; x_wconf 91' lang='lat' dir='ltr'><strong>sunt</strong></span> <span class='ocrx_word' id='word_1_103' title='bbox 805 1370 966 1409; x_wconf 86' lang='lat' dir='ltr'><strong>quatuor</strong></span> <span class='ocrx_word' id='word_1_104' title='bbox 990 1362 1061 1399; x_wconf 84' lang='lat' dir='ltr'><strong>viri</strong></span> <span class='ocrx_word' id='word_1_105' title='bbox 1077 1389 1089 1408; x_wconf 79' lang='lat'>‚</span> <span class='ocrx_word' id='word_1_106' title='bbox 1118 1363 1192 1399; x_wconf 91' lang='lat' dir='ltr'><strong>duo</strong></span> <span class='ocrx_word' id='word_1_107' title='bbox 1207 1361 1394 1400; x_wconf 75' lang='lat' dir='ltr'><strong>Pharisaei</strong></span> 
     </span>
     <span class='ocr_line' id='line_1_18' title="bbox 275 1431 1392 1486; baseline -0.004 -11"><span class='ocrx_word' id='word_1_108' title='bbox 275 1435 375 1475; x_wconf 86' lang='lat' dir='ltr'><strong>docti</strong></span> <span class='ocrx_word' id='word_1_109' title='bbox 388 1435 565 1486; x_wconf 87' lang='lat' dir='ltr'><strong>Jonathas</strong></span> <span class='ocrx_word' id='word_1_110' title='bbox 586 1441 623 1470; x_wconf 82' lang='lat' dir='ltr'><strong>er</strong></span> <span class='ocrx_word' id='word_1_111' title='bbox 634 1432 796 1471; x_wconf 81' lang='lat' dir='ltr'><strong>Ananias</strong></span> <span class='ocrx_word' id='word_1_112' title='bbox 812 1460 824 1478; x_wconf 85' lang='lat'>‚</span> <span class='ocrx_word' id='word_1_113' title='bbox 853 1440 890 1469; x_wconf 90' lang='lat' dir='ltr'><strong>et</strong></span> <span class='ocrx_word' id='word_1_114' title='bbox 910 1432 984 1469; x_wconf 87' lang='lat' dir='ltr'><strong>duo</strong></span> <span class='ocrx_word' id='word_1_115' title='bbox 1012 1432 1225 1469; x_wconf 85' lang='lat' dir='ltr'><strong>sacerdotes</strong></span> <span class='ocrx_word' id='word_1_116' title='bbox 1236 1431 1392 1481; x_wconf 85' lang='lat' dir='ltr'><strong>Jozaras</strong></span> 
     </span>
     <span class='ocr_line' id='line_1_19' title="bbox 276 1500 1393 1551; baseline -0.003 -7"><span class='ocrx_word' id='word_1_117' title='bbox 276 1517 312 1544; x_wconf 90' lang='lat' dir='ltr'><strong>et</strong></span> <span class='ocrx_word' id='word_1_118' title='bbox 345 1505 502 1551; x_wconf 84' lang='lat' dir='ltr'><strong>Simon,</strong></span> <span class='ocrx_word' id='word_1_119' title='bbox 532 1503 597 1551; x_wconf 91' lang='lat' dir='ltr'><strong>qui</strong></span> <span class='ocrx_word' id='word_1_120' title='bbox 626 1501 727 1539; x_wconf 87' lang='lat' dir='ltr'><strong>omni</strong></span> <span class='ocrx_word' id='word_1_121' title='bbox 764 1501 875 1538; x_wconf 87' lang='lat' dir='ltr'><strong>modo</strong></span> <span class='ocrx_word' id='word_1_122' title='bbox 913 1500 1164 1539; x_wconf 84' lang='lat' dir='ltr'><strong>Galilaeorum</strong></span> <span class='ocrx_word' id='word_1_123' title='bbox 1205 1502 1346 1540; x_wconf 88' lang='lat' dir='ltr'><strong>animos</strong></span> <span class='ocrx_word' id='word_1_124' title='bbox 1373 1515 1393 1541; x_wconf 88' lang='lat' dir='ltr'><strong>a</strong></span> 
     </span>
     <span class='ocr_line' id='line_1_20' title="bbox 272 1570 1397 1626; baseline -0.004 -13"><span class='ocrx_word' id='word_1_125' title='bbox 272 1576 440 1626; x_wconf 87' lang='lat' dir='ltr'><strong>Josepho</strong></span> <span class='ocrx_word' id='word_1_126' title='bbox 472 1572 740 1617; x_wconf 86' lang='lat' dir='ltr'><strong>abalienarent,</strong></span> <span class='ocrx_word' id='word_1_127' title='bbox 769 1570 970 1618; x_wconf 86' lang='lat' dir='ltr'><strong>ipsumque</strong></span> <span class='ocrx_word' id='word_1_128' title='bbox 1007 1572 1067 1608; x_wconf 89' lang='lat' dir='ltr'><strong>vel</strong></span> <span class='ocrx_word' id='word_1_129' title='bbox 1098 1571 1306 1608; x_wconf 89' lang='lat' dir='ltr'><strong>occiderent</strong></span> <span class='ocrx_word' id='word_1_130' title='bbox 1335 1573 1397 1610; x_wconf 89' lang='lat' dir='ltr'><strong>vel</strong></span> 
     </span>
     <span class='ocr_line' id='line_1_21' title="bbox 279 1640 1400 1692; baseline -0.007 -9"><span class='ocrx_word' id='word_1_131' title='bbox 279 1645 542 1692; x_wconf 84' lang='lat' dir='ltr'><strong>Hierosolyma</strong></span> <span class='ocrx_word' id='word_1_132' title='bbox 569 1641 757 1690; x_wconf 82' lang='lat' dir='ltr'><strong>captivum</strong></span> <span class='ocrx_word' id='word_1_133' title='bbox 783 1649 818 1678; x_wconf 92' lang='lat' dir='ltr'><strong>et</strong></span> <span class='ocrx_word' id='word_1_134' title='bbox 842 1640 1028 1678; x_wconf 86' lang='lat' dir='ltr'><strong>viventem</strong></span> <span class='ocrx_word' id='word_1_135' title='bbox 1050 1641 1140 1678; x_wconf 89' lang='lat' dir='ltr'><strong>adeo</strong></span> <span class='ocrx_word' id='word_1_136' title='bbox 1166 1652 1292 1679; x_wconf 86' lang='lat' dir='ltr'><strong>secum</strong></span> <span class='ocrx_word' id='word_1_137' title='bbox 1316 1653 1400 1690; x_wconf 86' lang='lat' dir='ltr'><strong>age.</strong></span> 
     </span>
     <span class='ocr_line' id='line_1_22' title="bbox 280 1710 1399 1760; baseline -0.005 -5"><span class='ocrx_word' id='word_1_138' title='bbox 280 1725 375 1755; x_wconf 88' lang='lat' dir='ltr'><strong>rent.</strong></span> <span class='ocrx_word' id='word_1_139' title='bbox 430 1716 544 1753; x_wconf 88' lang='lat' dir='ltr'><strong>Porro</strong></span> <span class='ocrx_word' id='word_1_140' title='bbox 580 1713 807 1760; x_wconf 87' lang='lat' dir='ltr'><strong>scripserunt</strong></span> <span class='ocrx_word' id='word_1_141' title='bbox 840 1710 994 1755; x_wconf 70' lang='lat' dir='ltr'><strong>iohanni</strong></span> <span class='ocrx_word' id='word_1_142' title='bbox 1029 1719 1069 1747; x_wconf 93' lang='lat' dir='ltr'><strong>ut</strong></span> <span class='ocrx_word' id='word_1_143' title='bbox 1092 1711 1138 1748; x_wconf 86' lang='lat' dir='ltr'><strong>ad</strong></span> <span class='ocrx_word' id='word_1_144' title='bbox 1169 1710 1306 1748; x_wconf 89' lang='lat' dir='ltr'><strong>bellum</strong></span> <span class='ocrx_word' id='word_1_145' title='bbox 1336 1712 1399 1749; x_wconf 88' lang='lat' dir='ltr'><strong>ad-</strong></span> 
     </span>
     <span class='ocr_line' id='line_1_23' title="bbox 278 1779 1398 1834; baseline -0.005 -10"><span class='ocrx_word' id='word_1_146' title='bbox 278 1795 408 1825; x_wconf 86' lang='lat' dir='ltr'><strong>versus</strong></span> <span class='ocrx_word' id='word_1_147' title='bbox 444 1783 649 1834; x_wconf 72' lang='lat' dir='ltr'><strong>josephum</strong></span> <span class='ocrx_word' id='word_1_148' title='bbox 686 1792 767 1818; x_wconf 87' lang='lat' dir='ltr'><strong>sese</strong></span> <span class='ocrx_word' id='word_1_149' title='bbox 804 1779 1038 1828; x_wconf 79' lang='lat' dir='ltr'><strong>accingeret3</strong></span> <span class='ocrx_word' id='word_1_150' title='bbox 1096 1779 1186 1827; x_wconf 89' lang='lat' dir='ltr'><strong>quin</strong></span> <span class='ocrx_word' id='word_1_151' title='bbox 1227 1789 1264 1818; x_wconf 89' lang='lat' dir='ltr'><strong>et</strong></span> <span class='ocrx_word' id='word_1_152' title='bbox 1307 1781 1398 1829; x_wconf 90' lang='lat' dir='ltr'><strong>Sep-</strong></span> 
     </span>
     <span class='ocr_line' id='line_1_24' title="bbox 282 1849 1398 1904; baseline -0.003 -12"><span class='ocrx_word' id='word_1_153' title='bbox 282 1854 443 1904; x_wconf 87' lang='lat' dir='ltr'><strong>phoritis</strong></span> <span class='ocrx_word' id='word_1_154' title='bbox 489 1860 525 1889; x_wconf 89' lang='lat' dir='ltr'><strong>et</strong></span> <span class='ocrx_word' id='word_1_155' title='bbox 567 1849 768 1889; x_wconf 87' lang='lat' dir='ltr'><strong>Gabarenis</strong></span> <span class='ocrx_word' id='word_1_156' title='bbox 811 1849 1177 1897; x_wconf 82' lang='lat' dir='ltr'><strong>Tiberiensibusque</strong></span> <span class='ocrx_word' id='word_1_157' title='bbox 1229 1851 1398 1899; x_wconf 77' lang='lat' dir='ltr'><strong>injunxe-</strong></span> 
     </span>
     <span class='ocr_line' id='line_1_25' title="bbox 281 1918 1400 1970; baseline -0.008 -8"><span class='ocrx_word' id='word_1_158' title='bbox 281 1933 393 1970; x_wconf 80' lang='lat' dir='ltr'><strong>runt,</strong></span> <span class='ocrx_word' id='word_1_159' title='bbox 433 1932 473 1960; x_wconf 94' lang='lat' dir='ltr'><strong>ut</strong></span> <span class='ocrx_word' id='word_1_160' title='bbox 497 1919 657 1970; x_wconf 79' lang='lat' dir='ltr'><strong>Johanni</strong></span> <span class='ocrx_word' id='word_1_161' title='bbox 692 1919 827 1956; x_wconf 78' lang='lat' dir='ltr'><strong>auxilia</strong></span> <span class='ocrx_word' id='word_1_162' title='bbox 869 1919 1056 1956; x_wconf 84' lang='lat' dir='ltr'><strong>mitterent</strong></span> <span class='ocrx_word' id='word_1_163' title='bbox 1083 1918 1168 1968; x_wconf 85' lang='lat'>(1).</span> <span class='ocrx_word' id='word_1_164' title='bbox 1208 1940 1262 1950; x_wconf 90' lang='lat'>-</span> <span class='ocrx_word' id='word_1_165' title='bbox 1293 1920 1400 1958; x_wconf 85' lang='lat' dir='ltr'><strong>Pater</strong></span> 
     </span>
     <span class='ocr_line' id='line_1_26' title="bbox 282 1988 1401 2041; baseline -0.004 -9"><span class='ocrx_word' id='word_1_166' title='bbox 282 1995 419 2032; x_wconf 86' lang='lat' dir='ltr'><strong>interea</strong></span> <span class='ocrx_word' id='word_1_167' title='bbox 450 1991 634 2041; x_wconf 79' lang='lat' dir='ltr'><strong>Josephi‚</strong></span> <span class='ocrx_word' id='word_1_168' title='bbox 663 1989 729 2037; x_wconf 90' lang='lat' dir='ltr'><strong>qui</strong></span> <span class='ocrx_word' id='word_1_169' title='bbox 767 2000 811 2025; x_wconf 86' lang='lat' dir='ltr'><strong>ex</strong></span> <span class='ocrx_word' id='word_1_170' title='bbox 849 1988 968 2026; x_wconf 77' lang='lat' dir='ltr'><strong>amico</strong></span> <span class='ocrx_word' id='word_1_171' title='bbox 1005 1989 1092 2026; x_wconf 84' lang='lat' dir='ltr'><strong>haec</strong></span> <span class='ocrx_word' id='word_1_172' title='bbox 1125 1988 1247 2026; x_wconf 89' lang='lat' dir='ltr'><strong>omnia</strong></span> <span class='ocrx_word' id='word_1_173' title='bbox 1277 1989 1401 2027; x_wconf 85' lang='lat' dir='ltr'><strong>audie-</strong></span> 
     </span>
     <span class='ocr_line' id='line_1_27' title="bbox 282 2058 1400 2112; baseline -0.004 -10"><span class='ocrx_word' id='word_1_174' title='bbox 282 2074 364 2112; x_wconf 78' lang='lat' dir='ltr'><strong>rat,</strong></span> <span class='ocrx_word' id='word_1_175' title='bbox 405 2062 483 2100; x_wconf 85' lang='lat' dir='ltr'><strong>filio</strong></span> <span class='ocrx_word' id='word_1_176' title='bbox 524 2073 563 2099; x_wconf 80' lang='lat' dir='ltr'><strong>ea</strong></span> <span class='ocrx_word' id='word_1_177' title='bbox 600 2071 666 2109; x_wconf 84' lang='lat' dir='ltr'><strong>per</strong></span> <span class='ocrx_word' id='word_1_178' title='bbox 706 2059 880 2107; x_wconf 80' lang='lat' dir='ltr'><strong>epistolas</strong></span> <span class='ocrx_word' id='word_1_179' title='bbox 919 2058 1129 2105; x_wconf 87' lang='lat' dir='ltr'><strong>nuntiavit,</strong></span> <span class='ocrx_word' id='word_1_180' title='bbox 1169 2069 1249 2095; x_wconf 87' lang='lat' dir='ltr'><strong>eum</strong></span> <span class='ocrx_word' id='word_1_181' title='bbox 1290 2058 1400 2097; x_wconf 58' lang='lat' dir='ltr'><strong>obseb</strong></span> 
     </span>
    </p>

    <p class='ocr_par' dir='ltr' id='par_1_4' title="bbox 1291 2139 1400 2166">
     <span class='ocr_line' id='line_1_28' title="bbox 1291 2139 1400 2166; baseline 0.009 -1"><span class='ocrx_word' id='word_1_182' title='bbox 1291 2139 1400 2166; x_wconf 83' lang='lat' dir='ltr'><strong>crans</strong></span> 
     </span>
    </p>
   </div>
   <div class='ocr_carea' id='block_1_3' title="bbox 321 2246 1282 2287">
    <p class='ocr_par' dir='ltr' id='par_1_5' title="bbox 321 2246 1282 2287">
     <span class='ocr_line' id='line_1_29' title="bbox 321 2246 1282 2287; baseline 0.003 -9"><span class='ocrx_word' id='word_1_183' title='bbox 321 2246 373 2287; x_wconf 70' lang='grc' dir='ltr'><strong>(ι)</strong></span> <span class='ocrx_word' id='word_1_184' title='bbox 396 2247 445 2279; x_wconf 84' lang='lat' dir='ltr'><strong>ef.</strong></span> <span class='ocrx_word' id='word_1_185' title='bbox 462 2249 529 2287; x_wconf 79' lang='lat' dir='ltr'><strong>Jos.</strong></span> <span class='ocrx_word' id='word_1_186' title='bbox 552 2247 584 2278; x_wconf 82' lang='lat' dir='ltr'><strong>in</strong></span> <span class='ocrx_word' id='word_1_187' title='bbox 605 2247 659 2278; x_wconf 82' lang='lat' dir='ltr'><strong>vlt.</strong></span> <span class='ocrx_word' id='word_1_188' title='bbox 680 2248 708 2285; x_wconf 74' lang='grc'><strong>5.</strong></span> <span class='ocrx_word' id='word_1_189' title='bbox 734 2251 858 2285; x_wconf 74' lang='lat'><strong>38-40·</strong></span> <span class='ocrx_word' id='word_1_190' title='bbox 880 2248 957 2278; x_wconf 77' lang='lat' dir='ltr'><strong>Bell.</strong></span> <span class='ocrx_word' id='word_1_191' title='bbox 979 2249 1051 2287; x_wconf 79' lang='lat' dir='ltr'><strong>Jud.</strong></span> <span class='ocrx_word' id='word_1_192' title='bbox 1074 2249 1114 2278; x_wconf 82' lang='grc' dir='ltr'><strong>Π.</strong></span> <span class='ocrx_word' id='word_1_193' title='bbox 1135 2257 1185 2280; x_wconf 75' lang='lat'><strong>21.</strong></span> <span class='ocrx_word' id='word_1_194' title='bbox 1207 2251 1233 2286; x_wconf 88' lang='lat'><strong>§.</strong></span> <span class='ocrx_word' id='word_1_195' title='bbox 1253 2257 1282 2284; x_wconf 75' lang='lat'><strong>7.</strong></span> 
     </span>
    </p>
   </div>
  </div>
 </body>
</html>
