1544 2693
331 158 403 197 130
563 143 1220 184 COMMENTATIO

328 255 495 294 accendit
524 257 565 292 in
587 252 754 292 cordibus
777 255 927 291 nostris.
955 254 1008 302 (r.
1042 266 1102 294 21.
1132 255 1196 301 65.
1225 253 1313 292 con.
1343 253 1430 302 54.)

328 327 470 365 Christi
494 333 529 362 et
557 325 714 362 omnium
747 325 822 360 eius
854 321 1105 370 beneficiorum
1138 336 1198 375 izos
1226 324 1429 373 participes

312 394 446 443 facit,
474 393 530 441 (r.
559 403 620 440 53.
646 392 737 430 coll.
765 396 854 439 51.)
879 403 940 429 nos
963 391 1033 439 (u)
1057 393 1090 428 ei
1118 391 1248 435 inserit
1272 392 1325 439 (r.
1343 392 1430 439 80.)

323 471 360 500 et
389 475 472 500 cum
506 475 544 500 eo
568 464 666 500 unit.
691 462 745 509 (r.
777 462 867 510 76.)
893 461 939 498 In
966 461 1063 500 nobis
1086 462 1233 501 habitat
1261 463 1315 510 (r.
1339 462 1430 510 76.)

306 533 495 580 suumque
526 542 611 583 opus
639 532 759 577 facit.
791 531 844 580 (r.
875 531 986 579 103.)
1028 532 1107 569 Nos
1141 532 1210 580 (ν)
1238 529 1429 579 vivificat,

317 605 371 652 (r.
395 603 487 651 76.)
514 611 710 652 regenerat
727 630 740 650 ,
767 602 820 652 (r.
848 602 909 650 8.)
935 611 1090 642 renovat
1119 601 1190 650 (w)
1215 600 1268 640 ad
1288 601 1432 640 Christi

312 675 538 724 imaginem,
577 674 632 723 (r.
671 673 760 721 86.)
790 671 1026 721 sanctificat,
1062 673 1117 722 (r.
1146 673 1234 721 70.)
1272 673 1427 723 expiat,

314 744 370 794 (r.
399 756 461 792 73.
496 742 601 781 conf.
628 751 711 781 not.
735 755 764 793 g
798 753 885 791 pag.
927 742 1038 790 123.)
1086 742 1192 781 lavat
1233 750 1270 780 et
1306 742 1428 781 abluit

311 813 524 860 asordibus
547 814 696 851 animae
710 841 723 859 ‚
750 812 804 861 (r.
823 815 885 860 69.
904 823 969 858 qu.
987 823 1048 859 70.
1065 822 1128 860 71.
1142 823 1175 850 r.
1190 811 1279 861 73.)
1301 823 1428 864 prom-

304 892 388 933 ptos
406 891 441 920 et
462 891 616 933 paratos
649 881 773 920 reddit
788 910 800 928 ,
829 891 870 920 ut
890 882 1036 921 Christo
1060 884 1228 921 vivamus
1243 911 1257 930 ,
1284 883 1340 932 (r.
1364 881 1426 929 1.)

309 964 374 989 nec
412 953 613 989 terrestria
639 950 711 997 sed
737 952 904 1002 superna
938 963 1191 1000 quaeramus,
1231 950 1291 1002 (r.
1330 951 1425 1002 49.)

313 1035 375 1060 nos
400 1022 612 1072 gubernat,
648 1022 702 1066 (r.
734 1021 825 1069 76.)
856 1019 991 1070 firmat
1014 1023 1054 1058 in
1071 1020 1275 1070 spirituali
1304 1031 1427 1061 certa·

311 1093 434 1139 mine,
461 1092 517 1141 (r.
541 1089 652 1139 127.)
678 1090 914 1138 confidatur,
942 1092 996 1139 (r.
1014 1090 1101 1140 53.)
1127 1090 1172 1130 de
1195 1092 1281 1131 vita‘
1305 1103 1426 1132 aeter-

312 1161 367 1198 ηὰ·
392 1171 508 1200 certos
537 1161 643 1210 facit
678 1161 733 1210 (r.
774 1173 808 1198 1.
846 1161 935 1199 coll.
970 1160 1064 1209 49.)
1098 1172 1133 1201 et
1168 1162 1348 1201 nobiscum
1382 1165 1424 1202 in

308 1240 500 1269 aeternum
527 1240 668 1271 manet.
697 1233 751 1279 (r.
777 1231 864 1279 53.)

805 1361 842 1407 ς.
894 1363 932 1398 8.

414 1478 473 1516 De
503 1476 606 1525 fide,
645 1479 898 1526 converstone,
937 1477 1034 1516 bonis
1078 1477 1242 1528 operibus
1279 1485 1314 1515 ct

772 1548 955 1599 precibus.

361 1671 535 1709 Christus
578 1678 612 1707 et
654 1668 830 1717 Apostoli
873 1667 1125 1705 liberationem
1164 1674 1200 1703 ct
1239 1664 1415 1712 salutern,

307 1753 414 1789 quarn
455 1743 557 1779 Deus
600 1752 664 1788 per
704 1739 837 1776 Filium
867 1747 902 1775 et
931 1737 1109 1784 Spiritum
1134 1735 1301 1773 ‘sanctum
1338 1746 1417 1784 gra-

1342 1806 1415 1843 tui-

338 1888 393 1922 (ιι)
418 1888 510 1921 Resp.
535 1890 581 1915 80.
603 1887 703 1919 inferi
730 1886 866 1912 Christo.
893 1885 996 1912 Germ.
1028 1882 1057 1911 in
1084 1881 1172 1910 tertifi
1197 1889 1227 1910 et
1249 1881 1414 1910 subsecutis

299 1943 505 1977 editionibus,
538 1943 659 1969 Christo
685 1942 802 1968 werden
828 1942 1010 1975 eingelcibt.
1030 1941 1116 1974 Belg.
1143 1939 1266 1969 Christo
1292 1938 1411 1965 werden

298 2001 454 2037 ingelijft.

337 2057 388 2094 (ν)
410 2058 501 2091 Κεςρ.
531 2060 581 2093 5⁶·
616 2058 680 2085 Lnt.
716 2054 920 2089 vivificemur.
951 2055 1053 2081 Germ.
1085 2054 1161 2088 cwig
1194 2054 1292 2080 leben.
1323 2052 1408 2086 Belg.

297 2114 472 2149 eewighlick
497 2115 596 2141 leuen.

336 2172 395 2204 (w)
417 2171 509 2204 Re-sp.
532 2176 580 2199 30.
602 2171 668 2197 Lat.
689 2169 728 2210 αι]
745 2169 905 2202 imaginem
920 2168 988 2201 sui.
1014 2169 1116 2195 Germ.
1138 2174 1175 2192 zu
1193 2166 1301 2199 fcinen
1318 2167 1406 2192 ehen-

295 2228 372 2254 bild.
394 2228 478 2261 Belg.
502 2234 547 2254 tot
568 2227 668 2262 sijnen
687 2225 858 2253 euenbilde.
