1544 2693
245 165 337 194 xlv

245 271 438 322 prostant
455 264 567 322 apud
583 264 831 308 Academiae
844 265 1197 324 Typographum)
1229 268 1282 312 A.
1297 268 1345 312 C.

243 334 528 388 HOLTIUS,
578 335 723 379 diebus
747 336 867 379 lunae
892 343 932 380 et
959 337 1143 391 veneris,
1173 337 1281 384 hora
1304 338 1346 392 1,

243 406 308 450 die
333 406 514 458 saturni,
543 405 648 449 hora
669 406 720 449 X.

295 486 416 526 Iura
445 485 747 525 Mereatur-ae
773 491 819 525 et
843 485 1116 538 Maritima,
1149 501 1172 530 e
1198 486 1348 530 Gallo-

239 553 409 597 Franco
436 552 592 597 Codice
621 560 660 596 et
685 566 779 596 cum
806 553 912 598 Iuris
936 555 1093 613 Belgici
1117 570 1347 616 compara-

237 623 373 677 tione,
404 625 454 669 A.
472 624 518 667 C.
551 623 832 675 HOLTIUS,
866 623 1012 669 diebus
1032 626 1202 681 mart1s,
1231 642 1349 673 mer..

237 695 340 740 curii
371 703 409 739 et
434 694 562 749 iovis,
593 695 699 739 hora
724 695 776 741 X.

295 772 539 829 Exegeticas
564 771 760 816 lectiones
790 771 841 816 de
867 771 1027 816 selectis
1050 772 1157 816 Iuris
1179 773 1347 819 Roma-

236 843 281 886 ni
307 843 410 887 locis
443 842 616 886 habebit
646 844 698 888 A.
713 841 759 886 C.
791 842 1077 897 HOLTIUS,
1108 843 1256 890 diebus
1277 846 1349 890 lu-

235 928 315 958 nae
343 920 382 957 et
406 914 590 967 veneris,
621 913 727 957 hora
756 913 828 956 IX.

291 993 557 1033 Historiam
593 993 802 1045 gentiam
841 992 1147 1033 recentiorum
1179 995 1347 1048 politi-

235 1077 335 1104 cam
373 1061 407 1106 Ι.
429 1059 844 1114 ACKERSDYCK,
876 1060 1023 1105 diebus
1056 1061 1200 1117 lunae,
1229 1077 1346 1108 mer-

234 1132 338 1176 curii
367 1138 407 1175 et
436 1131 621 1184 veneris,
652 1131 758 1174 hora
781 1131 814 1176 Ι.

288 1210 780 1264 Rerwnpublicarwn,
802 1210 1018 1264 inprimis
1032 1211 1220 1266 patriae
1232 1241 1246 1264 ,
1263 1225 1349 1253 no-

233 1283 387 1322 titiam
409 1278 864 1332 LACKERSDYCK,
907 1279 1052 1325 diebus
1081 1280 1247 1334 martis,
1274 1280 1347 1325 io—

232 1350 293 1394 vis
331 1358 370 1394 et
408 1349 592 1404 saturni,
624 1350 730 1393 hora
755 1349 850 1393 XII.

290 1430 580 1482 Disputandi
611 1426 995 1481 exercitationibus,
1038 1427 1207 1471 alternis
1234 1427 1346 1472 heb-

233 1497 504 1550 domadibus,
535 1498 760 1554 praeerunt
786 1497 1052 1542 Professores
1077 1498 1122 1541 in
1153 1498 1347 1543 facultate

233 1574 428 1618 IuridICa.

302 1709 352 1752 In
380 1707 733 1752 FACULTATE
765 1706 1014 1762 MEDICA,
1047 1686 1259 1753 docebunt

291 1845 590 1887 Anatomiam
640 1842 674 1885 I.
699 1842 747 1887 L.
775 1841 822 1887 C.
858 1841 1216 1888 SCHROEDER
1241 1856 1346 1889 VAN

235 1931 334 1958 nna
354 1913 536 1967 KOLK,
568 1921 716 1969 quater
737 1927 814 1972 per
831 1912 991 1957 dierum
1011 1912 1344 1969 hebdomadem,

235 1985 342 2028 hora
372 1985 443 2028 IV.

290 2063 641 2117 Physiologiam
671 2060 703 2104 I.
722 2060 768 2103 L.
788 2060 834 2104 C.
862 2059 1219 2106 SCHROEDER
1240 2075 1346 2107 VAN

236 2149 333 2178 nun
362 2131 543 2183 KOLK,
587 2131 731 2175 diebus
764 2133 906 2185 lunae,
952 2131 1122 2187 martis,
1152 2133 1347 2179 mercurii

239 2212 277 2247 ct
305 2203 433 2253 ioviS‚
465 2202 570 2247 hora
595 2203 710 2247 VIII.
745 2203 957 2247 matutina.
