1487 2703
235 167 254 201 8
524 163 1049 205 PRAEFATIO.

241 299 264 319 „
291 270 388 310 radix
420 273 549 311 alvum
587 272 702 312 solvit
737 273 924 322 bilemque
961 273 1149 321 exinanit,
1191 277 1350 324 emplas-

240 368 264 387 „
289 341 335 378 tri
360 343 470 380 modo
497 343 717 391 impositum
746 353 910 382 tumores
938 344 1116 392 discutit,
1135 345 1240 383 etc.’'
1277 347 1347 396 (1)

287 412 337 450 Et
359 413 458 460 apnd
482 413 727 452 Plinium:
763 442 787 462 „
801 413 954 452 Erucae
978 413 1077 452 foliis
1100 415 1347 454 crassioribus

239 507 262 526 ‚,
288 489 325 518 et
348 481 580 530 acrioribus,
608 482 727 521 radice
756 484 939 530 rotunda,
967 484 1059 521 lutei
1085 485 1251 532 coloris,
1278 494 1351 524 ter-

239 578 263 598 „
291 562 366 588 ram
397 552 548 597 olente,
575 553 679 590 caule
712 553 991 602 quadrangulo,
1021 553 1195 602 modico,
1222 555 1349 602 tenui,

240 648 265 667 „
290 620 382 659 flore
419 621 552 660 Ocimi.
592 622 787 660 Invenitur
827 623 865 661 in
902 622 997 660 locis
1036 623 1207 673 saxosis,
1245 623 1349 663 radix

241 719 265 739 „
292 690 393 739 ejus,
422 691 458 728 in
491 703 585 740 aqua
609 694 752 739 multa,
781 694 928 741 alvum,
954 693 1064 731 bilem
1102 703 1139 731 et
1177 693 1349 743 pituitam

240 787 264 808 „
290 761 478 808 exinanit,
506 773 630 800 semen
655 762 799 800 somma
823 764 1052 802 tumultuosa
1078 762 1212 802 facit.''
1233 765 1302 814 (2)

287 830 504 869 Desumitur
552 843 627 870 vox
678 833 894 881 πυκνοκόμος
944 844 964 870 a
1013 850 1140 875 πυκνου
1186 834 1351 882 densus,

237 900 383 948 spissus
425 909 460 938 et
485 917 575 950 κομη
605 913 737 949 coina3
775 903 825 940 ita
852 912 894 941 ut
920 904 1038 952 ipsius
1070 905 1176 943 vocis
1211 905 1354 954 signifi·

235 968 411 1016 catione,
456 971 641 1008 videamus
685 973 743 1009 hic
776 971 1019 1011 differentiam
1067 975 1224 1013 inveniri
1258 976 1354 1014 inter

238 1039 498 1078 Arachidnam
536 1050 572 1079 et
611 1042 749 1080 hancce
784 1044 974 1091 plantam,
1022 1055 1131 1091 quam
1173 1045 1351 1094 Spren-

239 1112 317 1158 gel
335 1139 347 1155 ‚
376 1111 592 1149 Leonurum
626 1112 936 1152 Marabiastrum
972 1115 1136 1154 vocavit.
1164 1117 1233 1166 (3)

294 1181 464 1219 Vidimus
501 1183 600 1231 J'am:
635 1185 700 1226 ι’,
737 1183 912 1221 Solanum
945 1185 1152 1223 tuberosum
1191 1186 1237 1224 ab
1273 1186 1382 1224 aliis·

239 1251 498 1290 Arachidnam
519 1280 532 1299 ,
569 1251 614 1291 ab
651 1252 732 1290 aliis
768 1264 857 1291 vero
904 1254 1169 1293 Pucnocomum
1214 1255 1354 1294 dictum

238 1320 385 1370 fuisse;
416 1325 490 1368 2⁰,
531 1333 576 1360 ex
602 1322 918 1371 descriptionibus
953 1324 1044 1372 ipsis
1061 1351 1075 1371 ,
1112 1334 1148 1363 et
1175 1325 1356 1374 Spren-

239 1392 375 1439 gelii
412 1392 565 1429 monitis
603 1391 863 1430 Arachidnam
881 1421 894 1440 ,
923 1402 959 1432 et
980 1394 1245 1433 Pucnocomum
1274 1407 1355 1433 esse

235 1463 326 1500 duas
369 1462 509 1509 plantas
545 1462 739 1509 diversas;
795 1465 866 1510 30,
906 1464 1009 1511 quod
1046 1475 1163 1512 aeque
1203 1476 1247 1502 ex
1297 1466 1359 1503 de-

241 1532 444 1579 scriptione
491 1531 619 1568 Solam'
661 1532 823 1569 tuberosi
866 1541 902 1570 et
938 1534 1206 1572 nonnullorum
1258 1544 1360 1573 vete-

242 1613 320 1638 rum
372 1600 594 1638 refutatione
618 1629 630 1648 ,
693 1612 734 1638 ac
793 1603 994 1640 secundum
1051 1603 1209 1652 Spren
1226 1605 1359 1653 gelii

241 1670 458 1709 sententiam
498 1683 635 1719 neque¹
675 1672 918 1710 Arachidnas
966 1685 1087 1722 neque
1136 1674 1359 1716 Pucnocomo

241 1741 444 1790 comparari
496 1744 619 1789 possit
663 1751 792 1780 nostra
830 1745 982 1792 planta,
1033 1753 1145 1792 atque
1208 1747 1361 1785 conclu-

1308 1817 1363 1854 di·

283 1904 335 1939 (ι)
358 1904 557 1934 Pedacius
579 1905 849 1935 Dioscorides
866 1907 1030 1943 interprete
1046 1909 1253 1939 Marcello
1272 1912 1360 1939 Ver-

243 1961 368 1993 gilio,
390 1962 538 1989 Coloniae
560 1971 644 1998 1529.
667 1962 733 1991 Lib.
755 1962 808 1992 111.
833 1965 908 2000 Cap.
933 1969 1000 2001 169.
1021 1974 1077 2001 pag
1109 1976 1176 2003 590.

281 2016 332 2053 (2)
354 2017 516 2047 Plinius
554 2021 765 2049 Secundus
812 2029 933 2051 curante
975 2025 1193 2060 Juliaceno
1215 2045 1225 2059 ‚
1273 2025 1359 2056 Libr.

244 2075 350 2103 XXVI.
375 2076 450 2109 Cap.
475 2080 500 2105 3.
519 2084 591 2111 pag.
615 2086 681 2106 220.
699 2075 730 2105 B.
747 2093 783 2099 —
805 2087 835 2107 et
853 2079 978 2109 editone
1002 2090 1017 2109 a
1036 2082 1147 2111 Gabr.
1171 2083 1360 2118 Brotier.

248 2132 326 2159 Voi.
350 2132 385 2169 X,
411 2140 478 2166 pag.
502 2137 588 2169 56¹4.

283 2187 316 2223 (g
355 2191 586 2223 Stephanus
605 2211 613 2221 .
657 2192 828 2220 Thesaurus
851 2214 859 2228 ‚
899 2195 970 2224 Vol.
1011 2197 1062 2224 VI.
1102 2204 1169 2232 pag.
1212 2203 1294 2234 3029.
1333 2206 1363 2227 et

246 2247 442 2279 spi-enge!
462 2269 469 2278 ,
491 2249 509 2273 1.
532 2256 559 2274 c.
584 2256 650 2282 pag.
681 2256 741 2282 153.
