1544 2693
550 192 932 238 ORATIO.
1232 185 1289 232 45

167 330 485 388 Theologicam.
546 330 634 374 Nec
665 320 831 373 tenuisti
869 333 1054 379 tantum,
1086 326 1160 370 sed
1186 341 1286 370 vero

171 414 484 472 Theologorum
500 413 652 458 ordini
670 419 710 459 et
727 410 979 455 Academiae
1005 410 1149 454 decori
1163 408 1284 454 'fuisti

169 504 212 541 et
240 503 511 552 ornament03
544 511 628 553 quo
658 510 735 555 per
768 496 907 554 plures
938 509 1071 539 annos
1106 501 1179 538 tua
1212 509 1286 538 sa-

171 581 474 641 pientia-‚Deo
500 580 693 639 auspice,
712 579 881 623 scholae
906 585 1075 622 nostrae
1106 579 1191 622 fata
1209 579 1286 622 fuit

168 664 399 708 moderata.
435 685 478 695 --
535 661 719 714 Novisfi,
752 669 1012 720 quantopere
1029 661 1079 705 de
1094 662 1175 706 hac
1190 670 1285 716 tua,

169 749 214 792 id
242 755 329 801 est,
361 748 413 791 de
444 746 694 790 Academiae
722 746 916 789 felicitate
943 745 1072 803 gavisi
1101 746 1183 790 sint
1199 746 1288 790 Cu-

170 839 333 876 ratores
348 838 388 884 et
402 830 672 874 Professores
681 847 692 884 3
724 843 935 886 quamque
961 830 1088 873 festus
1108 828 1175 873 ille
1192 830 1289 874 fue-

170 917 226 961 rit
260 916 363 961 dies*
384 915 600 974 juvenibus
638 914 910 966 academicis,
941 914 1025 957 hoc
1052 913 1094 957 in
1123 913 1286 973 privata

171 1000 316 1044 schola
338 1007 409 1044 tua
435 999 644 1042 auditores
664 998 763 1042 Tibi
779 998 956 1042 candide
978 998 1284 1057 significarunt3

170 1084 254 1128 hoc
277 1083 417 1142 palam
446 1080 548 1126 Tibi*
571 1081 768 1140 probavit
793 1081 1050 1125 musicorum
1078 1089 1284 1126 concentu

169 1167 334 1225 integra
377 1166 482 1211 haec
521 1165 714 1222 juvenum
755 1164 919 1208 ‚cohors
967 1171 1007 1207 et
1053 1164 1286 1224 splendidis

171 1250 279 1309 grati
318 1249 445 1294 animi
498 1248 744 1292 testimoniis
792 1247 1048 1305 Theologiae
1093 1248 1284 1292 studiosi.

165 1334 257 1380 -Sed
283 1334 383 1391 quid
408 1334 551 1392 plura!
582 1332 720 1377 Vitam
746 1339 860 1375 tuam
884 1331 1026 1375 trahat
1048 1331 1092 1374 in
1117 1332 1287 1390 longam

169 1425 421 1466 senectutem
458 1418 598 1470 Deus,
643 1423 688 1460 ut
730 1430 807 1475 per
847 1416 988 1474 plures
1026 1430 1161 1460 annos
1199 1416 1286 1461 Ca-

169 1502 362 1549 thedram
396 1508 509 1545 tuam
545 1514 669 1544 ornes
697 1507 737 1544 et
764 1500 1038 1544 Academiam
1071 1504 1279 1545 nostram!

171 1587 319 1644 Tuque
351 1585 474 1630 nobis
508 1598 729 1629 conserves
769 1583 993 1628 amicitiam
1030 1587 1168 1628 tuam!

225 1755 422 1800 Ceterum·
448 1754 615 1812 quidem
648 1754 858 1798 variorum
883 1755 1176 1799 Professorum
1206 1768 1285 1800 oc-

168 1846 343 1898 cupatus
370 1837 446 1882 fuit
476 1838 600 1881 labor
630 1837 674 1881 in
706 1838 904 1882 Museis
933 1839 1285 1885 Academicis

167 1923 245 1967 rite
278 1920 534 1965 adornandis
567 1927 607 1965 et
638 1920 903 1964 adhibendis.
967 1922 1134 1967 Patriae
1175 1923 1284 1967 enim

167 2008 328 2051 incerta
373 2006 559 2050 conditio
594 2005 691 2049 licet
737 2005 782 2048 in
821 2006 966 2049 Musea
1010 2007 1092 2051 vim
1133 2007 1286 2053 habeat

167 2090 302 2134 minus
333 2090 591 2149 proficuam,
623 2090 683 2134 vel
724 2089 783 2133 sic
819 2097 959 2134 tamen
1000 2090 1283 2138 studiosorum

169 2174 395 2218 inseruiunt
427 2174 584 2219 usibus.

239 2257 638 2301 Laboratorium
699 2256 995 2301 Chemicum
1016 2289 1028 2309 ‚
1097 2259 1284 2314 quamvis
