1487 2703
221 164 269 199 :4
454 144 1119 189 COMMENTATIO

227 261 348 300 milem
372 257 518 295 vocavit
536 285 548 303 .,
577 257 638 295 ille
665 267 752 294 vero
779 257 924 294 herbam
950 256 1156 306 Argemone
1180 257 1332 296 similem

227 330 344 374 dicit,
374 328 475 375 quod
502 328 629 364 eodem
661 327 768 364 redit.
787 325 1030 374 -Quamvis
1054 326 1178 374 itaque
1204 328 1335 365 haecce

225 400 391 438 sufficere
430 397 518 434 mihi
559 408 635 433 non
673 395 871 441 videntur,
913 404 954 432 ut
997 404 1117 443 pateat
1160 398 1333 436 Solanum

225 470 431 508 tuberosum
473 467 508 504 in
543 467 722 513 Hispania
769 475 805 502 et
849 464 952 502 Italia
981 466 1052 513 J'am
1089 464 1208 504 fuisse
1246 475 1338 504 tem·

225 551 317 588 pore
353 549 429 585 quo
469 535 685 584 scripserint
720 535 773 572 ilii
808 543 1003 580 auctores,
1036 535 1184 573 minime
1218 545 1338 574 tamen

223 607 455 657 impossibile
492 606 677 643 contendo
718 604 810 642 illud
846 616 890 642 ex
927 604 1094 642 America
1125 605 1162 642 in
1200 606 1370 654 Hispa·.

223 679 318 718 niam
337 706 350 725 ‚
378 687 412 714 et
443 688 487 714 ex
521 676 698 723 Hispania
724 676 782 712 vel
815 675 859 712 ab
888 675 1065 723 Hispanis
1101 687 1145 713 ex
1170 677 1338 715 America

223 750 330 787 etiam
356 748 393 785 in
431 747 567 785 Italiam
596 746 850 783 introductum
885 745 1033 791 fuisse,
1074 747 1176 794 quod
1211 747 1341 784 statuit

228 818 443 856 Clusius
459 845 471 862 ,
501 817 565 863 qui
591 815 702 854 simul
724 815 844 862 addit,
873 815 966 853 hanc
991 818 1149 863 plantam
1177 817 1214 854 in
1239 817 1339 855 Italia

224 893 300 925 tam
337 888 523 934 vulgarem
550 885 694 931 fuisse,
724 893 765 921 ut
790 887 867 933 ejus
894 885 1087 922 tuberibus
1108 897 1191 922 cum
1215 897 1343 924 verve-

225 967 289 994 cea
320 967 426 993 carne
461 955 578 992 coetis
602 963 869 1000 vescerentur,
901 955 974 991 imo
999 956 1105 992 etiam
1144 956 1275 994 suibus
1304 956 1343 995 in

224 1027 400 1074 pabulum
442 1026 642 1072 cederent3
709 1034 822 1072 atque
861 1024 982 1062 mirari
1030 1025 1176 1072 subire,
1230 1026 1342 1076 hujus

226 1087 354 1143 stirpis
395 1095 562 1132 notitiam
607 1104 678 1131 tam
715 1106 798 1132 sero
837 1095 881 1131 ad
918 1106 988 1133 nos
1026 1096 1253 1143 pervenisse.
1295 1120 1345 1127 —

229 1164 410 1212 Exsurgit
449 1175 537 1201 sane
573 1175 669 1201 nova
700 1163 926 1210 difficultas,
965 1164 1108 1202 viribus
1134 1167 1244 1214 longe
1283 1178 1349 1204 su·

228 1235 350 1281 perior
372 1263 384 1281 ,
457 1233 671 1281 praesertim
723 1245 807 1271 cum
862 1233 1020 1272 viderem
1040 1235 1058 1280 '.‚
1118 1236 1345 1274 Clusium

230 1306 340 1353 hujus
385 1304 511 1352 stirpis
551 1304 740 1340 notionem
791 1303 975 1351 accepisse
1028 1317 1046 1342 a
1088 1305 1345 1354 Philippo

228 1376 272 1412 de
308 1374 466 1421 Sivry
495 1374 545 1409 de
576 1373 844 1416 Walhain,
890 1373 1076 1421 praefecto
1114 1376 1197 1412 urbi
1237 1377 1349 1414 Mon·

231 1447 322 1481 tium
364 1445 406 1479 in
446 1442 654 1479 Harmonia*
703 1442 897 1492 Belgicae,
970 1444 1035 1490 qui
1086 1445 1140 1482 de
1202 1446 1349 1496 Sivry

231 1512 416 1552 scribebat
448 1524 516 1557 se‚
558 1522 653 1548 anno
689 1514 780 1559 1587
808 1513 1034 1553 Tasratoasfli
1068 1515 1218 1553 nomine
1247 1528 1349 1554 acce-

233 1584 334 1631 pisse
361 1595 380 1620 a
408 1581 577 1620 familiari
615 1582 776 1629 quodam
810 1582 941 1630 Legati
967 1584 1160 1622 Pontificis
1197 1585 1235 1622 in
1269 1587 1351 1624 Bel-

233 1655 309 1702 gio.
337 1675 390 1682 —-
417 1653 478 1690 Sic
508 1661 608 1700 patet
645 1653 818 1690 Solanum
844 1654 1051 1691 tuberosum
1081 1655 1129 1694 L.
1153 1656 1249 1694 Clu
1267 1658 1349 1695 sio

232 1725 301 1772 jam
328 1733 456 1760 notum
482 1721 601 1760 fuisse
619 1751 630 1767 ,
655 1732 848 1769 antequam
878 1735 897 1760 a
922 1723 1160 1762 ssauhino
1190 1726 1354 1776 descrip-

237 1803 312 1830 tum
337 1802 372 1829 et
400 1793 483 1828 icon
510 1792 552 1828 ad
582 1792 824 1829 Clusium
865 1793 975 1831 missa
1010 1793 1144 1835 fuerat.
1194 1796 1354 1845 Insuper

233 1859 313 1910 ipse
348 1861 611 1899 ssauhinus
639 1859 710 1900 A⁰.
744 1874 866 1910 1590,
907 1864 1056 1901 nomine
1096 1865 1247 1917 Pappas
1268 1867 1356 1906 His-

232 1943 415 1978 panorum
433 1959 444 1976 ‚
461 1940 609 1968 nostrae
640 1932 783 1979 plantae
804 1931 948 1969 iconem
975 1934 1052 1971 suis
1075 1935 1265 1974 coloribus
1289 1938 1358 1975 de-

236 2001 404 2037 lineatam
446 2013 464 2037 a
488 2001 783 2038 Scholtzio.
827 2002 895 2051 (1)
933 2004 1100 2051 accepit,
1147 2006 1319 2055 illamque
1344 2037 1357 2054 ‚

1271 2088 1356 2117 Cum

273 2173 702 2207 <1)vt·r0<imileidemcum
728 2175 947 2204 Laurentio
971 2177 1192 2205 Scholtzlo
1217 2178 1263 2205 de
1284 2179 1356 2211 Ro.

240 2238 306 2260 §cn
320 2239 388 2263 axv,
415 2230 531 2257 Medico
558 2230 776 2259 wratislaviam
