1487 2703
349 127 1041 197 ssoTAMco-oeconofflcA.
1199 162 1269 201 ης

148 275 209 318 4⁹.
249 266 410 316 denique
443 267 529 305 loco
567 265 758 315 speciatim
796 265 842 303 de
867 263 1098 303 adhibitione
1133 264 1266 304 solani

148 337 311 378 tuberosi
325 365 339 385 ‚
371 345 515 385 praeter
543 347 652 374 usum
679 336 866 384 vulgarem
883 360 898 382 ‚
925 342 962 372 et
987 332 1044 382 5⁰⁶
1061 333 1106 371 de
1130 334 1264 374 Solane

149 407 316 446 tuberoso
335 406 553 445 animalibus
591 404 836 444 nutrimento.

199 478 366 516 Fuerunt
394 476 535 515 scilicet
560 475 661 512 docti
694 474 830 521 aliique
866 480 903 511 et
941 474 1060 512 adhue
1085 480 1174 511 sunt
1193 474 1261 521 qui

147 547 324 586 Solanum
342 545 550 585 tuberosum
579 544 720 582 minimi
734 543 844 592 pretii
864 542 1002 582 habent
1014 571 1027 590 ‚
1042 543 1131 582 etin
1144 542 1262 591 prima

148 617 262 666 hujus
278 613 548 655 dissertationis
563 622 665 662 parte
676 615 748 663 jam
763 613 925 652 vidimus
946 625 1024 661 quo
1046 614 1180 660 modo,
1197 614 1259 652 vel

147 697 188 725 re
220 688 313 725 male
338 685 523 724 intellecta
549 685 608 723 vel
631 683 867 734 praejudiciis
890 683 1130 732 impediretur
1146 684 1259 734 hujus

147 756 293 805 plantae
314 766 561 806 progressusz
592 765 700 803 quam
727 755 853 803 plures
879 754 975 791 enim
1009 754 1169 801 plantam
1198 764 1263 792 ve·

150 835 317 864 nenatam
350 825 613 870 crediderunt,
641 823 727 870 quia
754 822 915 870 pertiuet
946 822 991 860 ad
1015 822 1262 860 Solanearum

148 895 321 935 familiam
355 903 468 942 atque
502 893 788 942 suspicaverunt
823 891 924 930 illius
958 900 1030 928 usu
1062 900 1259 930 numerum

151 966 331 1005 malorum
356 964 468 1011 oriri,
493 975 570 1012 quo
613 964 818 1001 retulerunt
842 962 1108 1000 Exanthemata
1137 960 1262 1009 varia,

150 1035 345 1076 Scrofulas
359 1063 373 1084 ‚
384 1034 780 1081 Leucophlegmasiam
797 1060 809 1079 ‚
823 1032 979 1070 Vermes
993 1059 1005 1079 ‚
1023 1031 1262 1069 Fluorem‘al-

147 1104 238 1144 bum
256 1134 269 1153 ‚
296 1105 474 1154 Spasmos
490 1131 503 1150 ‚
518 1102 704 1149 Hermas,
733 1101 890 1140 Febrem
917 1100 1130 1149 pituitosam
1144 1129 1157 1148 ‚
1185 1101 1222 1139 T
1224 1112 1262 1138 a-·

147 1175 233 1214 bem
248 1175 364 1213 aliave
379 1175 484 1223 plura
495 1201 509 1220 ‚
532 1182 625 1221 quae
636 1171 761 1210 omnia
773 1183 793 1210 a
806 1171 1044 1209 multitudine
1063 1182 1261 1219 praeoccu-

148 1253 260 1294 pata,
287 1244 505 1283 certioribus
540 1242 698 1280 certiora
724 1239 1007 1280 venditabantur
1023 1269 1035 1288 ,
1062 1251 1173 1289 atque
1209 1251 1263 1280 tae

147 1317 219 1354 lem
233 1316 280 1353 de
294 1314 483 1352 erroribus
498 1312 719 1350 convincere
731 1312 791 1349 vel
803 1311 887 1349 huic
903 1310 1089 1349 veritatem
1111 1323 1263 1359 persua-

148 1385 261 1432 dere,
287 1384 348 1422 hic
375 1383 480 1422 labor
508 1383 581 1421 hoc
616 1392 714 1429 opus
735 1392 880 1429 semper
901 1378 991 1418 fuit.
1045 1380 1151 1418 Dixit
1181 1380 1262 1428 qui-

149 1456 230 1494 dem
254 1455 419 1493 Linna
435 1461 551 1491 eus:
579 1475 614 1499 4,
641 1451 804 1490 Luridae
825 1459 913 1488 sunt
939 1451 1084 1497 plantae
1109 1461 1265 1498 suspec-

152 1546 185 1573 ,‚
212 1533 270 1562 tae
281 1524 307 1541 ”
332 1531 368 1561 et
391 1523 464 1561 alio
477 1524 593 1565 loco,
622 1548 652 1568 ‚‚
680 1522 823 1568 plantae
849 1532 943 1567 quae
968 1530 1099 1567 genere
1126 1531 1263 1558 conve·¹

151 1593 190 1644 ,‚'
209 1594 320 1634 niunt
343 1594 451 1632 etiam
477 1593 617 1631 virtute
639 1590 896 1637 conveniunt,
925 1602 1018 1638 quae
1044 1589 1173 1627 ordine
1201 1601 1265 1628 na*

153 1693 179 1714 „
203 1665 315 1704 rurali
357 1664 594 1702 continentur
611 1690 614 1691 ν
630 1661 736 1699 etiarn
776 1660 917 1699 virtute
961 1660 1119 1709 propius
1163 1667 1266 1698 acee-

151 1762 184 1783 „
210 1735 327 1782 dunt,
361 1743 530 1781 quaeque
564 1733 681 1769 classe
719 1731 874 1769 naturaii
903 1739 1115 1779 congruunt
1154 1731 1262 1768 etiam

151 1829 185 1852 ‚‚
212 1803 356 1842 viribus
383 1801 657 1850 quodammodo
689 1800 963 1849 congruunt;”
989 1800 1138 1839 minime
1175 1812 1266 1838 vero'

154 1872 229 1911 vir*
249 1883 416 1911 summus
448 1870 578 1909 statuit
614 1871 734 1909 nullas
777 1871 852 1909 dari
880 1871 1145 1919 exceptiones,
1185 1860 1269 1909 nul}

153 1943 224 1981 lam
254 1941 416 1980 obtineri
447 1939 691 1979 differentiam
709 1967 723 1987 ,
749 1941 857 1978 etiam
889 1941 1013 1988 quoad
1037 1941 1132 1978 vires
1169 1943 1274 1989 plan-

157 2019 310 2060 tarum,
332 2023 400 2061 pro
416 2012 560 2049 climate
574 2010 754 2061 diverso,
769 2010 894 2048 indole
915 2010 985 2048 soli
1001 2012 1058 2047 vel
1086 2011 1167 2059 ipsa
1192 2013 1272 2049 cul-

156 2088 239 2122 tura
265 2086 367 2128 etc„
394 2093 517 2129 neque
551 2077 679 2129 ignota
705 2075 757 2118 illi
780 2080 834 2118 uti
872 2068 1046 2118 omnibus
1063 2108 1078 2127 ‚
1113 2081 1170 2118 vis
1210 2080 1270 2119 ina

156 2150 467 2198 consuetudinis,
505 2161 578 2199 qua
610 2150 728 2198 opio,
758 2150 887 2188 tabaco
926 2150 1083 2197 aliisque
1110 2150 1273 2190 innocue

162 2231 321 2261 utuntur
353 2222 543 2261 homines:
574 2220 726 2270 insuper
753 2220 1152 2269 quotidie-observare
1186 2232 1277 2270 pos-

211 2303 340 2331 TRAP.
634 2277 643 2287 ”
699 2290 738 2329 Η
1212 2302 1275 2329 su⁴
