1487 2703
320 574 588 617 PARS
649 574 1083 645 QVARTA.

1057 757 1063 769 -V
1086 746 1130 768 >7117
1173 758 1178 762 .

450 763 723 796 VARIUS
764 763 955 797 Usus.

491 921 899 947 w*—

204 1071 334 1133 Hanc
360 1091 522 1129 ultimam
548 1098 687 1138 partem
715 1099 926 1137 proponere
950 1087 1040 1126 mihi
1063 1088 1185 1126 visum
1208 1097 1265 1127 est

154 1165 203 1201 ita
248 1172 320 1209 ut,
360 1169 537 1210 quantum
579 1158 765 1209 potuerim
809 1157 932 1197 omnia
958 1158 1032 1196 huc
1058 1159 1262 1207 spectantia

150 1243 498 1279 commemorarem3
527 1242 610 1268 cum
637 1241 770 1278 nempe
804 1229 911 1267 valde
936 1227 1177 1267 desiderarem
1207 1228 1266 1266 in.

149 1303 313 1351 telligere
342 1311 520 1350 quomam
550 1300 705 1352 finibus*
723 1299 898 1337 Solanum
925 1298 1134 1337 tuberosum
1159 1298 1266 1337 adhi-

149 1373 227 1411 beri
263 1371 385 1421 possit
400 1400 412 1419 ,
439 1382 640 1418 numquam
664 1370 795 1407 inutile
813 1368 895 1407 fore
917 1368 1122 1408 existimavi
1149 1367 1262 1407 refer-

147 1455 186 1481 re
225 1444 358 1490 plura,
400 1451 493 1488 quae
528 1439 618 1476 mihi
654 1439 781 1486 ignota
820 1437 1002 1483 fuerunt,
1049 1436 1130 1474 aliis
1168 1449 1257 1476 vero

143 1513 251 1562 digna
274 1520 385 1558 sunt,
415 1520 508 1558 quae
532 1510 577 1547 ad
601 1516 760 1547 mentem
785 1516 1022 1546 revocentur.
1082 1507 1255 1546 Attamen

143 1594 258 1631 quum
283 1592 360 1619 non
379 1580 502 1618 omnia
523 1581 597 1617 sint
613 1579 775 1629 eJ’usdem
800 1577 969 1615 utilitatis
985 1605 998 1625 ,
1026 1578 1117 1626 quin
1141 1578 1257 1627 pluri-

139 1654 210 1690 bus
245 1650 351 1689 facile
374 1661 496 1688 carere
523 1660 746 1698 possemus,
775 1659 966 1696 quumque
999 1649 1114 1686 multa
1140 1649 1249 1688 etiam

141 1723 251 1771 hujus
288 1722 362 1759 loci
398 1731 474 1758 non
511 1719 746 1768 putaverim,
784 1719 872 1756 haec
910 1717 1026 1756 verbo
1071 1718 1254 1758 indicasse

136 1794 290 1832 sufficiet
312 1821 324 1839 ,
377 1791 444 1829 alia
485 1799 605 1828 autem
647 1789 842 1838 paululum
889 1786 1013 1826 fusius
1065 1790 1248 1829 tractanda

135 1873 257 1904 erunt.

187 1935 347 1981 Sperans
374 1932 499 1978 itaque
533 1928 613 1967 fote
649 1936 692 1966 ut
720 1939 787 1976 pro
813 1927 954 1964 viribus
985 1927 1075 1964 meis
1100 1927 1244 1975 pollici-

132 2004 179 2040 tis
216 1999 465 2046 satisfaciam,
504 1999 570 2036 hac
614 1997 756 2036 ratione
794 1996 1014 2044 procedam,
1055 2004 1098 2034 ut
1123 1996 1243 2045 primo

133 2075 219 2110 loco
253 2071 441 2109 videamus
480 2071 526 2108 de
573 2068 713 2107 viribus
748 2065 920 2112 nocivis,
971 2076 1063 2113 quas
1111 2066 1245 2104 Salano

135 2144 297 2180 suberoso
343 2140 580 2185 tribuerunt,
625 2137 680 2176 2⁰.
729 2137 772 2174 de
820 2136 961 2182 analysi
1005 2135 1166 2173 chemica
1204 2145 1240 2173 et

133 2213 185 2250 00.
224 2213 267 2249 de
305 2222 374 2248 usu
408 2209 625 2248 Solanorum
657 2207 695 2244 in
728 2217 886 2255 genere,
939 2213 979 2242 ut
1016 2204 1120 2244 hisce
1154 2217 1240 2254 pas-

132 2240 151 2261 ὁ

125 2282 194 2320 sim
216 2282 360 2319 vincere
386 2290 562 2318 conemur
587 2287 733 2316 nostrae
763 2277 905 2324 plantae
932 2275 1201 2324 vituperatores
1219 2287 1235 2323 ;1

1103 2351 1156 2393 40.
1177 2345 1242 2383 de-
