1487 2703
419 160 928 206 LITERARIA.
1174 144 1224 206 9'7

159 282 204 322 In
239 287 317 319 arte
351 277 500 316 militari
531 277 635 314 etiam
669 283 748 311 sese
782 267 973 309 exercendi
998 265 1142 315 egregia
1167 264 1222 303 ibi

105 352 179 392 fuit
209 351 243 389 ei
280 349 451 395 occasio,
479 357 573 394 quae
594 356 651 382 res
676 342 830 380 maxime
859 339 893 377 ei
924 336 1094 387 profuit,
1122 346 1222 383 mag-

106 420 387 470 namquessadeo
421 418 461 455 in
496 417 576 466 eJ‘us
602 412 770 452 narrandi
807 410 983 449 rationem
1017 406 1091 446 vim
1119 416 1221 444 exer·

104 492 205 530 cuit..
252 489 342 536 Sic,
383 499 421 526 v.
463 497 500 534 g.
540 483 736 522 certamina
778 482 895 518 multo
931 476 1136 517 accuratius
1173 476 1219 513 ab

105 573 150 599 eo
193 559 477 603 describuntur,
528 566 636 602 quam
675 550 893 598 ceteroquin
931 549 1022 587 iilud
1058 547 1104 585 ab
1138 545 1220 583 aliis

105 618 186 669 sieri
223 629 333 668 solet.
398 628 483 665 Hoc
535 633 655 662 autem
694 621 793 670 apud
835 620 973 657 multos
1019 616 1220 665 scriptores

89 701 277 746 ‘obtinet,
321 698 386 746 qui
414 697 525 735 rebus
563 693 706 742 gestis,
748 702 840 738 quas
875 688 1119 733 describunt,
1146 685 1220 734 ipsi

104 771 319 810 interfuere.
371 768 415 806 In
443 764 693 812 Xenophonte
725 761 763 798 in
799 758 928 807 primis
967 758 1037 794 hoc
1063 755 1222 795 animadv

103 840 321 881 vertendum
350 845 434 884 est,
488 834 553 883 qui
594 833 639 871 de
669 829 905 880 expeditione
937 827 1032 875 Cyri
1067 824 1220 863 minoris

103 911 142 949 in
176 909 302 948 Asiam
338 907 516 944 minorem
550 912 587 941 et
625 903 670 940 de
698 901 819 939 reditu
843 898 962 936 decies
987 897 1086 934 mille
1104 896 1223 935 Grae-

103 977 233 1020 corum
266 988 406 1026 agens,
433 974 571 1023 quibus
603 973 684 1021 ipse
719 972 794 1009 dux
829 967 1016 1018 praefuit,
1044 977 1121 1005 non
1143 977 1235 1004 mo-‹

103 1052 152 1090 do
191 1049 314 1088 omnia
348 1044 622 1085 accuratissime
654 1041 841 1090 explicat,
868 1039 933 1077 sed
973 1038 1080 1075 etiam
1113 1047 1227 1087 proc·-

103 1120 152 1159 lia
191 1129 264 1157 tam
306 1116 441 1156 vividis
488 1113 708 1159 coloribus,
759 1108 1082 1158 pulcherrimaque
1130 1107 1220 1144 adeo

104 1190 246 1234 ratione
271 1186 465 1235 depingit,
494 1193 536 1222 ut
561 1183 665 1231 quasi
690 1179 880 1218 audiamus
917 1188 1101 1216 armorum
1130 1184 1223 1213 stre·

105 1261 224 1310 pitum
241 1286 254 1305 ‚
281 1257 531 1302 bellicumque
568 1254 793 1298 clamorem,
821 1258 856 1287 et
881 1248 1069 1286 videamus
1093 1246 1223 1282 hostes

104 1342 187 1369 sese
216 1328 391 1367 furentes
423 1334 460 1363 et
486 1323 664 1370 sanguine
696 1330 847 1369 sparsos
874 1319 960 1366 (1).
1015 1317 1076 1355 Sic
1112 1315 1222 1353 etiam

100 1400 318 1451 josephus,
347 1396 495 1444 quando
524 1403 667 1442 pugnas
704 1389 818 1428 nobis
850 1388 1026 1433 exhibet,
1055 1393 1223 1423 accurate

108 1471 261 1509 omnino
299 1468 379 1506 illas
411 1462 591 1514 proponit
608 1490 621 1509 ,
650 1470 692 1499 ut
716 1459 857 1506 ubique
880 1457 1069 1495 hominem
1091 1465 1224 1502 agnos-

106 1551 257 1586 camus,
297 1548 445 1582 rerum,
484 1535 529 1573 de
563 1531 703 1580 quibus
740 1523 1224 1586 narrat,3peritissimum.

108 1611 162 1649 Et
197 1608 346 1647 ubinam
374 1603 505 1643 melius
535 1614 615 1640 sese
643 1601 680 1638 in
711 1601 821 1637 hacce
847 1605 923 1635 arte
957 1595 1103 1633 militari
1126 1606 1228 1632 exer-

109 1691 192 1719 cere
224 1677 376 1728 potuit,
418 1685 527 1722 quam
556 1672 594 1709 in
627 1670 816 1714 Galilaea,
855 1677 972 1714 seque
1012 1675 1226 1712 praeparare

111 1760 154 1790 ut
190 1749 272 1788 dein
303 1747 559 1786 Romanorum
594 1740 758 1789 peritiam
790 1738 826 1775 in
861 1737 962 1774 hisce
1002 1731 1113 1772 rebus
1154 1745 1230 1770 ma-

108 1823 226 1872 jorem
263 1830 337 1856 eam
374 1826 482 1862 quam
521 1813 675 1851 aliorum
717 1809 971 1857 populorum,
1024 1805 1118 1842 bene
1151 1803 1229 1844 ani-

112 1881 379 1934 madverteret,
408 1885 596 1931 multaque
632 1881 676 1918 ab
714 1879 785 1917 illis
821 1875 1007 1914 disceret?

165 1960 336 1999 Summae
373 1947 480 1993 etiaffn
513 1950 572 1998 ei,
612 1960 782 1997 tanquam
811 1945 1019 1991 historico,
1058 1942 1230 1981 utilitatis

114 2041 263 2079 tempus
296 2028 420 2076 ipsum
449 2023 548 2069 fuit,
576 2032 652 2069 quo
689 2019 872 2057 Galihaeae
902 2014 1110 2063 praefectus
1139 2020 1229 2050 erat.

115 2102 258 2140 Bellum
297 2097 391 2135 enim
427 2106 471 2133 eo
495 2082 663 2141 tempore
692 2086 856 2126 terribile
887 2085 980 2124 illud
1005 2084 1230 2134 judaeorum

1144 2163 1233 2190 con0

156 2251 209 2290 (ι)
230 2251 279 2280 Cf.
300 2249 439 2284 Xenoph.
464 2245 561 2280 Anah.
584 2245 607 2274 1.
631 2247 662 2272 8.
684 2242 723 2271 11.
747 2249 776 2276 5.
801 2241 837 2269 V.
860 2248 889 2269 2.
912 2244 942 2266 et
962 2234 1046 2266 aubi.

174 2312 301 2342 norw.
656 2293 701 2331 G
