<?xml version="1.0" encoding="UTF-8"?>
<!DOCTYPE html PUBLIC "-//W3C//DTD XHTML 1.0 Transitional//EN"
    "http://www.w3.org/TR/xhtml1/DTD/xhtml1-transitional.dtd">
<html xmlns="http://www.w3.org/1999/xhtml" xml:lang="en" lang="en">
 <head>
  <title>
</title>
<meta http-equiv="Content-Type" content="text/html;charset=utf-8" />
  <meta name='ocr-system' content='tesseract 3.04.00' />
  <meta name='ocr-capabilities' content='ocr_page ocr_carea ocr_par ocr_line ocrx_word'/>
</head>
<body>
  <div class='ocr_page' id='page_1' title='image "annalesacademiae34rhen_0598.png"; bbox 0 0 1487 2703; ppageno 0'>
   <div class='ocr_carea' id='block_1_1' title="bbox 218 210 1138 263">
    <p class='ocr_par' dir='ltr' id='par_1_1' title="bbox 218 210 1138 263">
     <span class='ocr_line' id='line_1_1' title="bbox 218 210 1138 263; baseline -0.007 -8"><span class='ocrx_word' id='word_1_1' title='bbox 218 219 266 263; x_wconf 84' lang='lat'><strong>64</strong></span> <span class='ocrx_word' id='word_1_2' title='bbox 470 210 1138 251; x_wconf 76' lang='lat' dir='ltr'><strong>COMMENTATro</strong></span> 
     </span>
    </p>
   </div>
   <div class='ocr_carea' id='block_1_2' title="bbox 223 321 1359 2117">
    <p class='ocr_par' dir='ltr' id='par_1_2' title="bbox 223 321 1337 439">
     <span class='ocr_line' id='line_1_2' title="bbox 223 321 1337 370; baseline -0.001 -9"><span class='ocrx_word' id='word_1_3' title='bbox 223 335 268 361; x_wconf 87' lang='lat' dir='ltr'><strong>eo</strong></span> <span class='ocrx_word' id='word_1_4' title='bbox 300 324 357 360; x_wconf 91' lang='lat' dir='ltr'><strong>vel</strong></span> <span class='ocrx_word' id='word_1_5' title='bbox 392 322 696 370; x_wconf 78' lang='lat' dir='ltr'><strong>colloqueretur,</strong></span> <span class='ocrx_word' id='word_1_6' title='bbox 745 321 805 358; x_wconf 88' lang='lat' dir='ltr'><strong>vel</strong></span> <span class='ocrx_word' id='word_1_7' title='bbox 840 321 886 358; x_wconf 89' lang='lat' dir='ltr'><strong>ad</strong></span> <span class='ocrx_word' id='word_1_8' title='bbox 912 331 994 358; x_wconf 87' lang='lat' dir='ltr'><strong>cum</strong></span> <span class='ocrx_word' id='word_1_9' title='bbox 1030 321 1199 369; x_wconf 83' lang='lat' dir='ltr'><strong>veniret,</strong></span> <span class='ocrx_word' id='word_1_10' title='bbox 1237 328 1337 360; x_wconf 90' lang='lat' dir='ltr'><strong>metu</strong></span> 
     </span>
     <span class='ocr_line' id='line_1_3' title="bbox 226 391 644 439; baseline -0.005 -9"><span class='ocrx_word' id='word_1_11' title='bbox 226 393 368 431; x_wconf 85' lang='lat' dir='ltr'><strong>scilicet</strong></span> <span class='ocrx_word' id='word_1_12' title='bbox 402 391 644 439; x_wconf 77' lang='lat' dir='ltr'>proditionis,</span> 
     </span>
    </p>

    <p class='ocr_par' dir='ltr' id='par_1_3' title="bbox 228 458 1346 791">
     <span class='ocr_line' id='line_1_4' title="bbox 275 458 1339 509; baseline -0.001 -9"><span class='ocrx_word' id='word_1_13' title='bbox 275 462 337 501; x_wconf 92' lang='lat' dir='ltr'><strong>Ne</strong></span> <span class='ocrx_word' id='word_1_14' title='bbox 372 461 544 509; x_wconf 86' lang='lat' dir='ltr'>cuiquam</span> <span class='ocrx_word' id='word_1_15' title='bbox 572 469 672 498; x_wconf 82' lang='lat' dir='ltr'><strong>tanta</strong></span> <span class='ocrx_word' id='word_1_16' title='bbox 695 459 890 498; x_wconf 86' lang='lat' dir='ltr'><strong>crudelitas</strong></span> <span class='ocrx_word' id='word_1_17' title='bbox 918 458 1008 497; x_wconf 87' lang='lat' dir='ltr'><strong>mira</strong></span> <span class='ocrx_word' id='word_1_18' title='bbox 1036 461 1227 508; x_wconf 79' lang='lat' dir='ltr'><strong>videatur,</strong></span> <span class='ocrx_word' id='word_1_19' title='bbox 1254 472 1339 499; x_wconf 87' lang='lat' dir='ltr'><strong>nam</strong></span> 
     </span>
     <span class='ocr_line' id='line_1_5' title="bbox 228 514 1341 580; baseline -0.001 -11"><span class='ocrx_word' id='word_1_20' title='bbox 228 531 385 570; x_wconf 84' lang='lat' dir='ltr'><strong>historia</strong></span> <span class='ocrx_word' id='word_1_21' title='bbox 418 543 438 568; x_wconf 89' lang='lat' dir='ltr'><strong>a</strong></span> <span class='ocrx_word' id='word_1_22' title='bbox 468 514 637 580; x_wconf 64' lang='lat' dir='ltr'><strong>josepho</strong></span> <span class='ocrx_word' id='word_1_23' title='bbox 668 529 778 567; x_wconf 91' lang='lat' dir='ltr'><strong>nobis</strong></span> <span class='ocrx_word' id='word_1_24' title='bbox 808 530 936 567; x_wconf 83' lang='lat' dir='ltr'><strong>tradita</strong></span> <span class='ocrx_word' id='word_1_25' title='bbox 956 531 1002 568; x_wconf 89' lang='lat' dir='ltr'><strong>de</strong></span> <span class='ocrx_word' id='word_1_26' title='bbox 1022 531 1228 568; x_wconf 85' lang='lat' dir='ltr'><strong>vastatione</strong></span> <span class='ocrx_word' id='word_1_27' title='bbox 1252 531 1341 568; x_wconf 86' lang='lat' dir='ltr'><strong>Hie-</strong></span> 
     </span>
     <span class='ocr_line' id='line_1_6' title="bbox 228 598 1345 651; baseline -0.004 -11"><span class='ocrx_word' id='word_1_28' title='bbox 228 603 502 651; x_wconf 84' lang='lat' dir='ltr'><strong>rosolymorum</strong></span> <span class='ocrx_word' id='word_1_29' title='bbox 545 609 601 638; x_wconf 90' lang='lat' dir='ltr'><strong>est</strong></span> <span class='ocrx_word' id='word_1_30' title='bbox 641 600 758 637; x_wconf 89' lang='lat' dir='ltr'><strong>veluti</strong></span> <span class='ocrx_word' id='word_1_31' title='bbox 800 600 1051 648; x_wconf 88' lang='lat' dir='ltr'><strong>spectaculum</strong></span> <span class='ocrx_word' id='word_1_32' title='bbox 1095 598 1345 637; x_wconf 86' lang='lat' dir='ltr'><strong>atrocissimo-</strong></span> 
     </span>
     <span class='ocr_line' id='line_1_7' title="bbox 228 668 1346 719; baseline -0.004 -9"><span class='ocrx_word' id='word_1_33' title='bbox 228 684 309 710; x_wconf 85' lang='lat' dir='ltr'><strong>rum</strong></span> <span class='ocrx_word' id='word_1_34' title='bbox 347 680 420 709; x_wconf 87' lang='lat' dir='ltr'><strong>tam</strong></span> <span class='ocrx_word' id='word_1_35' title='bbox 456 671 500 709; x_wconf 87' lang='lat' dir='ltr'><strong>ab</strong></span> <span class='ocrx_word' id='word_1_36' title='bbox 532 670 679 719; x_wconf 87' lang='lat' dir='ltr'><strong>Judaeis</strong></span> <span class='ocrx_word' id='word_1_37' title='bbox 714 681 823 718; x_wconf 88' lang='lat' dir='ltr'><strong>quarn</strong></span> <span class='ocrx_word' id='word_1_38' title='bbox 857 682 877 707; x_wconf 94' lang='lat' dir='ltr'><strong>a</strong></span> <span class='ocrx_word' id='word_1_39' title='bbox 910 668 1092 707; x_wconf 88' lang='lat' dir='ltr'><strong>Romanis</strong></span> <span class='ocrx_word' id='word_1_40' title='bbox 1126 668 1346 707; x_wconf 89' lang='lat' dir='ltr'><strong>commisso-</strong></span> 
     </span>
     <span class='ocr_line' id='line_1_8' title="bbox 232 741 431 791; baseline -0.01 -10"><span class='ocrx_word' id='word_1_41' title='bbox 232 754 314 781; x_wconf 89' lang='lat' dir='ltr'><strong>rum</strong></span> <span class='ocrx_word' id='word_1_42' title='bbox 343 741 431 791; x_wconf 81' lang='lat'>(1).</span> 
     </span>
    </p>

    <p class='ocr_par' dir='ltr' id='par_1_4' title="bbox 231 807 1359 1909">
     <span class='ocr_line' id='line_1_9' title="bbox 278 807 1346 861; baseline -0.004 -12"><span class='ocrx_word' id='word_1_43' title='bbox 278 812 468 861; x_wconf 80' lang='lat' dir='ltr'><strong>Josephus</strong></span> <span class='ocrx_word' id='word_1_44' title='bbox 494 819 641 856; x_wconf 84' lang='lat' dir='ltr'><strong>autem,</strong></span> <span class='ocrx_word' id='word_1_45' title='bbox 680 809 745 857; x_wconf 85' lang='lat' dir='ltr'><strong>qui</strong></span> <span class='ocrx_word' id='word_1_46' title='bbox 780 819 858 847; x_wconf 83' lang='lat' dir='ltr'><strong>non·</strong></span> <span class='ocrx_word' id='word_1_47' title='bbox 894 808 1060 847; x_wconf 84' lang='lat' dir='ltr'>cessabat</span> <span class='ocrx_word' id='word_1_48' title='bbox 1096 807 1274 846; x_wconf 89' lang='lat' dir='ltr'><strong>obsessos</strong></span> <span class='ocrx_word' id='word_1_49' title='bbox 1300 807 1346 845; x_wconf 87' lang='lat' dir='ltr'><strong>ad</strong></span> 
     </span>
     <span class='ocr_line' id='line_1_10' title="bbox 232 877 1345 925; baseline -0.005 -5"><span class='ocrx_word' id='word_1_50' title='bbox 232 881 453 920; x_wconf 89' lang='lat' dir='ltr'><strong>deditionem</strong></span> <span class='ocrx_word' id='word_1_51' title='bbox 479 880 644 925; x_wconf 84' lang='lat' dir='ltr'><strong>hortari,</strong></span> <span class='ocrx_word' id='word_1_52' title='bbox 685 891 770 916; x_wconf 91' lang='lat' dir='ltr'><strong>curn</strong></span> <span class='ocrx_word' id='word_1_53' title='bbox 802 878 909 918; x_wconf 85' lang='lat' dir='ltr'><strong>urbis</strong></span> <span class='ocrx_word' id='word_1_54' title='bbox 949 889 1076 916; x_wconf 89' lang='lat' dir='ltr'><strong>muros</strong></span> <span class='ocrx_word' id='word_1_55' title='bbox 1110 877 1345 924; x_wconf 84' lang='lat' dir='ltr'><strong>circumiret,</strong></span> 
     </span>
     <span class='ocr_line' id='line_1_11' title="bbox 232 947 1347 997; baseline -0.003 -9"><span class='ocrx_word' id='word_1_56' title='bbox 232 951 447 989; x_wconf 84' lang='lat' dir='ltr'><strong>vulneratus</strong></span> <span class='ocrx_word' id='word_1_57' title='bbox 483 957 540 986; x_wconf 89' lang='lat' dir='ltr'><strong>est</strong></span> <span class='ocrx_word' id='word_1_58' title='bbox 575 948 707 997; x_wconf 88' lang='lat' dir='ltr'><strong>lapidis</strong></span> <span class='ocrx_word' id='word_1_59' title='bbox 742 947 849 994; x_wconf 84' lang='lat' dir='ltr'><strong>ictu,</strong></span> <span class='ocrx_word' id='word_1_60' title='bbox 893 947 943 985; x_wconf 89' lang='lat' dir='ltr'><strong>ita</strong></span> <span class='ocrx_word' id='word_1_61' title='bbox 978 957 1020 985; x_wconf 87' lang='lat' dir='ltr'><strong>ut</strong></span> <span class='ocrx_word' id='word_1_62' title='bbox 1054 947 1236 996; x_wconf 85' lang='lat' dir='ltr'><strong>vertigine</strong></span> <span class='ocrx_word' id='word_1_63' title='bbox 1263 959 1347 985; x_wconf 87' lang='lat' dir='ltr'><strong>cor·</strong></span> 
     </span>
     <span class='ocr_line' id='line_1_12' title="bbox 231 1015 1350 1068; baseline -0.002 -11"><span class='ocrx_word' id='word_1_64' title='bbox 231 1027 360 1068; x_wconf 61' lang='lat' dir='ltr'><strong>septus</strong></span> <span class='ocrx_word' id='word_1_65' title='bbox 396 1018 556 1056; x_wconf 84' lang='lat' dir='ltr'><strong>caderet.</strong></span> <span class='ocrx_word' id='word_1_66' title='bbox 636 1016 746 1054; x_wconf 92' lang='lat' dir='ltr'><strong>Tunc</strong></span> <span class='ocrx_word' id='word_1_67' title='bbox 788 1015 960 1054; x_wconf 85' lang='lat' dir='ltr'><strong>nonnulli</strong></span> <span class='ocrx_word' id='word_1_68' title='bbox 995 1015 1132 1065; x_wconf 83' lang='lat' dir='ltr'><strong>egressi</strong></span> <span class='ocrx_word' id='word_1_69' title='bbox 1168 1027 1213 1055; x_wconf 84' lang='lat' dir='ltr'><strong>ex</strong></span> <span class='ocrx_word' id='word_1_70' title='bbox 1256 1015 1350 1055; x_wconf 89' lang='lat' dir='ltr'><strong>urbe</strong></span> 
     </span>
     <span class='ocr_line' id='line_1_13' title="bbox 236 1083 1351 1132; baseline -0.004 -5"><span class='ocrx_word' id='word_1_71' title='bbox 236 1101 320 1127; x_wconf 90' lang='lat' dir='ltr'><strong>eum</strong></span> <span class='ocrx_word' id='word_1_72' title='bbox 348 1100 475 1127; x_wconf 90' lang='lat' dir='ltr'><strong>secum</strong></span> <span class='ocrx_word' id='word_1_73' title='bbox 511 1089 643 1126; x_wconf 86' lang='lat' dir='ltr'><strong>ducere</strong></span> <span class='ocrx_word' id='word_1_74' title='bbox 676 1086 801 1124; x_wconf 88' lang='lat' dir='ltr'><strong>conati</strong></span> <span class='ocrx_word' id='word_1_75' title='bbox 833 1094 948 1132; x_wconf 89' lang='lat' dir='ltr'><strong>sunt,</strong></span> <span class='ocrx_word' id='word_1_76' title='bbox 980 1093 1017 1123; x_wconf 91' lang='lat' dir='ltr'><strong>et</strong></span> <span class='ocrx_word' id='word_1_77' title='bbox 1040 1094 1143 1123; x_wconf 87' lang='lat' dir='ltr'><strong>certo</strong></span> <span class='ocrx_word' id='word_1_78' title='bbox 1178 1085 1271 1124; x_wconf 89' lang='lat' dir='ltr'><strong>illud</strong></span> <span class='ocrx_word' id='word_1_79' title='bbox 1294 1083 1351 1123; x_wconf 90' lang='lat' dir='ltr'><strong>ef-</strong></span> 
     </span>
     <span class='ocr_line' id='line_1_14' title="bbox 231 1153 1349 1202; baseline -0.004 -5"><span class='ocrx_word' id='word_1_80' title='bbox 231 1158 409 1197; x_wconf 87' lang='lat' dir='ltr'><strong>fecissent</strong></span> <span class='ocrx_word' id='word_1_81' title='bbox 435 1157 510 1196; x_wconf 89' lang='lat' dir='ltr'><strong>nisi</strong></span> <span class='ocrx_word' id='word_1_82' title='bbox 540 1156 674 1194; x_wconf 87' lang='lat' dir='ltr'><strong>milites</strong></span> <span class='ocrx_word' id='word_1_83' title='bbox 700 1156 870 1194; x_wconf 87' lang='lat' dir='ltr'><strong>nonnulli</strong></span> <span class='ocrx_word' id='word_1_84' title='bbox 894 1155 1056 1194; x_wconf 88' lang='lat' dir='ltr'><strong>Romani</strong></span> <span class='ocrx_word' id='word_1_85' title='bbox 1084 1153 1349 1202; x_wconf 82' lang='lat' dir='ltr'><strong>advenissent,</strong></span> 
     </span>
     <span class='ocr_line' id='line_1_15' title="bbox 236 1225 1352 1277; baseline -0.004 -11"><span class='ocrx_word' id='word_1_86' title='bbox 236 1228 303 1277; x_wconf 86' lang='lat' dir='ltr'><strong>qui</strong></span> <span class='ocrx_word' id='word_1_87' title='bbox 328 1228 535 1277; x_wconf 87' lang='lat' dir='ltr'><strong>Josephum</strong></span> <span class='ocrx_word' id='word_1_88' title='bbox 572 1228 819 1264; x_wconf 86' lang='lat' dir='ltr'><strong>sustulerunt.</strong></span> <span class='ocrx_word' id='word_1_89' title='bbox 872 1226 915 1263; x_wconf 91' lang='lat' dir='ltr'><strong>In</strong></span> <span class='ocrx_word' id='word_1_90' title='bbox 949 1225 1039 1262; x_wconf 91' lang='lat' dir='ltr'><strong>urbe</strong></span> <span class='ocrx_word' id='word_1_91' title='bbox 1066 1233 1189 1263; x_wconf 87' lang='lat' dir='ltr'><strong>autem</strong></span> <span class='ocrx_word' id='word_1_92' title='bbox 1224 1235 1352 1262; x_wconf 87' lang='lat' dir='ltr'><strong>rumor</strong></span> 
     </span>
     <span class='ocr_line' id='line_1_16' title="bbox 235 1295 1349 1349; baseline -0.004 -12"><span class='ocrx_word' id='word_1_93' title='bbox 235 1300 315 1349; x_wconf 89' lang='lat' dir='ltr'><strong>ejus</strong></span> <span class='ocrx_word' id='word_1_94' title='bbox 352 1297 483 1335; x_wconf 85' lang='lat' dir='ltr'><strong>mortis</strong></span> <span class='ocrx_word' id='word_1_95' title='bbox 515 1296 755 1345; x_wconf 84' lang='lat' dir='ltr'><strong>spargebatur</strong></span> <span class='ocrx_word' id='word_1_96' title='bbox 789 1303 825 1333; x_wconf 87' lang='lat' dir='ltr'><strong>et</strong></span> <span class='ocrx_word' id='word_1_97' title='bbox 851 1296 896 1333; x_wconf 88' lang='lat' dir='ltr'><strong>ad</strong></span> <span class='ocrx_word' id='word_1_98' title='bbox 932 1303 1103 1343; x_wconf 87' lang='lat' dir='ltr'><strong>parentes</strong></span> <span class='ocrx_word' id='word_1_99' title='bbox 1140 1295 1178 1332; x_wconf 90' lang='lat' dir='ltr'><strong>in</strong></span> <span class='ocrx_word' id='word_1_100' title='bbox 1204 1305 1349 1333; x_wconf 87' lang='lat' dir='ltr'><strong>carcere</strong></span> 
     </span>
     <span class='ocr_line' id='line_1_17' title="bbox 236 1364 1353 1418; baseline -0.004 -11"><span class='ocrx_word' id='word_1_101' title='bbox 236 1368 430 1418; x_wconf 89' lang='lat' dir='ltr'><strong>pervenit;</strong></span> <span class='ocrx_word' id='word_1_102' title='bbox 461 1368 511 1404; x_wconf 88' lang='lat' dir='ltr'><strong>ita</strong></span> <span class='ocrx_word' id='word_1_103' title='bbox 543 1375 586 1404; x_wconf 85' lang='lat' dir='ltr'><strong>ut</strong></span> <span class='ocrx_word' id='word_1_104' title='bbox 617 1367 761 1404; x_wconf 90' lang='lat' dir='ltr'><strong>huncce</strong></span> <span class='ocrx_word' id='word_1_105' title='bbox 794 1365 900 1404; x_wconf 86' lang='lat' dir='ltr'><strong>etiarn</strong></span> <span class='ocrx_word' id='word_1_106' title='bbox 936 1364 1054 1403; x_wconf 89' lang='lat' dir='ltr'><strong>filium</strong></span> <span class='ocrx_word' id='word_1_107' title='bbox 1087 1373 1260 1412; x_wconf 87' lang='lat' dir='ltr'><strong>tanquam</strong></span> <span class='ocrx_word' id='word_1_108' title='bbox 1295 1364 1353 1403; x_wconf 88' lang='lat' dir='ltr'><strong>in·</strong></span> 
     </span>
     <span class='ocr_line' id='line_1_18' title="bbox 238 1433 1350 1484; baseline -0.004 -7"><span class='ocrx_word' id='word_1_109' title='bbox 238 1438 433 1477; x_wconf 89' lang='lat' dir='ltr'><strong>terfectum</strong></span> <span class='ocrx_word' id='word_1_110' title='bbox 480 1437 674 1484; x_wconf 86' lang='lat' dir='ltr'><strong>lugerent,</strong></span> <span class='ocrx_word' id='word_1_111' title='bbox 728 1443 764 1473; x_wconf 87' lang='lat' dir='ltr'><strong>et</strong></span> <span class='ocrx_word' id='word_1_112' title='bbox 811 1443 923 1473; x_wconf 87' lang='lat' dir='ltr'><strong>mater</strong></span> <span class='ocrx_word' id='word_1_113' title='bbox 966 1435 1143 1482; x_wconf 86' lang='lat' dir='ltr'><strong>lacrymas</strong></span> <span class='ocrx_word' id='word_1_114' title='bbox 1190 1433 1350 1473; x_wconf 85' lang='lat' dir='ltr'><strong>fundens</strong></span> 
     </span>
     <span class='ocr_line' id='line_1_19' title="bbox 238 1503 1354 1554; baseline -0.004 -7"><span class='ocrx_word' id='word_1_115' title='bbox 238 1510 431 1547; x_wconf 87' lang='lat' dir='ltr'><strong>clamaret:</strong></span> <span class='ocrx_word' id='word_1_116' title='bbox 490 1534 514 1554; x_wconf 85' lang='lat'><strong>‚‚</strong></span> <span class='ocrx_word' id='word_1_117' title='bbox 539 1507 600 1544; x_wconf 88' lang='lat' dir='ltr'><strong>hic</strong></span> <span class='ocrx_word' id='word_1_118' title='bbox 636 1516 724 1553; x_wconf 85' lang='lat' dir='ltr'><strong>ergo</strong></span> <span class='ocrx_word' id='word_1_119' title='bbox 755 1513 812 1544; x_wconf 89' lang='lat' dir='ltr'><strong>est</strong></span> <span class='ocrx_word' id='word_1_120' title='bbox 846 1503 992 1542; x_wconf 88' lang='lat' dir='ltr'><strong>fructus</strong></span> <span class='ocrx_word' id='word_1_121' title='bbox 1027 1515 1128 1542; x_wconf 88' lang='lat' dir='ltr'><strong>meae</strong></span> <span class='ocrx_word' id='word_1_122' title='bbox 1161 1503 1354 1543; x_wconf 84' lang='lat' dir='ltr'><strong>foecundi-</strong></span> 
     </span>
     <span class='ocr_line' id='line_1_20' title="bbox 239 1574 1355 1625; baseline -0.004 -8"><span class='ocrx_word' id='word_1_123' title='bbox 239 1579 350 1625; x_wconf 84' lang='lat' dir='ltr'><strong>tatis,</strong></span> <span class='ocrx_word' id='word_1_124' title='bbox 404 1587 447 1615; x_wconf 88' lang='lat' dir='ltr'><strong>ut</strong></span> <span class='ocrx_word' id='word_1_125' title='bbox 480 1576 571 1615; x_wconf 90' lang='lat' dir='ltr'><strong>mihi</strong></span> <span class='ocrx_word' id='word_1_126' title='bbox 605 1587 653 1614; x_wconf 91' lang='lat' dir='ltr'><strong>ne</strong></span> <span class='ocrx_word' id='word_1_127' title='bbox 688 1576 843 1624; x_wconf 88' lang='lat' dir='ltr'><strong>sepelire</strong></span> <span class='ocrx_word' id='word_1_128' title='bbox 878 1574 1028 1623; x_wconf 88' lang='lat' dir='ltr'><strong>quidem</strong></span> <span class='ocrx_word' id='word_1_129' title='bbox 1064 1574 1180 1612; x_wconf 88' lang='lat' dir='ltr'><strong>filium</strong></span> <span class='ocrx_word' id='word_1_130' title='bbox 1217 1574 1355 1619; x_wconf 86' lang='lat' dir='ltr'><strong>liceat,</strong></span> 
     </span>
     <span class='ocr_line' id='line_1_21' title="bbox 240 1644 1354 1695; baseline -0.003 -8"><span class='ocrx_word' id='word_1_131' title='bbox 240 1661 260 1687; x_wconf 89' lang='lat' dir='ltr'><strong>a</strong></span> <span class='ocrx_word' id='word_1_132' title='bbox 301 1659 377 1695; x_wconf 90' lang='lat' dir='ltr'><strong>quo</strong></span> <span class='ocrx_word' id='word_1_133' title='bbox 418 1646 568 1695; x_wconf 86' lang='lat' dir='ltr'><strong>sepeliri</strong></span> <span class='ocrx_word' id='word_1_134' title='bbox 603 1656 847 1695; x_wconf 82' lang='lat' dir='ltr'><strong>speraveram.</strong></span> <span class='ocrx_word' id='word_1_135' title='bbox 866 1644 890 1661; x_wconf 88' lang='lat'><strong>’⁷</strong></span> <span class='ocrx_word' id='word_1_136' title='bbox 936 1644 1124 1694; x_wconf 90' lang='lat' dir='ltr'><strong>Josephus</strong></span> <span class='ocrx_word' id='word_1_137' title='bbox 1153 1652 1275 1683; x_wconf 89' lang='lat' dir='ltr'><strong>tamen</strong></span> <span class='ocrx_word' id='word_1_138' title='bbox 1307 1656 1354 1685; x_wconf 83' lang='lat' dir='ltr'><strong>ex</strong></span> 
     </span>
     <span class='ocr_line' id='line_1_22' title="bbox 243 1713 1356 1763; baseline -0.004 -6"><span class='ocrx_word' id='word_1_139' title='bbox 243 1721 394 1757; x_wconf 84' lang='lat' dir='ltr'><strong>vulnere</strong></span> <span class='ocrx_word' id='word_1_140' title='bbox 442 1717 517 1755; x_wconf 82' lang='lat' dir='ltr'><strong>cito</strong></span> <span class='ocrx_word' id='word_1_141' title='bbox 568 1716 783 1763; x_wconf 89' lang='lat' dir='ltr'><strong>convaluit,</strong></span> <span class='ocrx_word' id='word_1_142' title='bbox 839 1723 874 1752; x_wconf 88' lang='lat' dir='ltr'><strong>et</strong></span> <span class='ocrx_word' id='word_1_143' title='bbox 917 1725 993 1752; x_wconf 90' lang='lat' dir='ltr'><strong>non</strong></span> <span class='ocrx_word' id='word_1_144' title='bbox 1036 1713 1169 1753; x_wconf 86' lang='lat' dir='ltr'><strong>desivit</strong></span> <span class='ocrx_word' id='word_1_145' title='bbox 1215 1715 1356 1754; x_wconf 86' lang='lat' dir='ltr'><strong>hortari</strong></span> 
     </span>
     <span class='ocr_line' id='line_1_23' title="bbox 243 1784 1359 1838; baseline -0.003 -11"><span class='ocrx_word' id='word_1_146' title='bbox 243 1791 427 1838; x_wconf 88' lang='lat' dir='ltr'><strong>populum</strong></span> <span class='ocrx_word' id='word_1_147' title='bbox 471 1796 514 1825; x_wconf 88' lang='lat' dir='ltr'><strong>ut</strong></span> <span class='ocrx_word' id='word_1_148' title='bbox 556 1786 628 1824; x_wconf 87' lang='lat' dir='ltr'><strong>sibi</strong></span> <span class='ocrx_word' id='word_1_149' title='bbox 665 1786 772 1825; x_wconf 89' lang='lat' dir='ltr'><strong>fidem</strong></span> <span class='ocrx_word' id='word_1_150' title='bbox 815 1784 965 1823; x_wconf 83' lang='lat' dir='ltr'><strong>haberet</strong></span> <span class='ocrx_word' id='word_1_151' title='bbox 997 1785 1202 1834; x_wconf 89' lang='lat' dir='ltr'><strong>urbemque</strong></span> <span class='ocrx_word' id='word_1_152' title='bbox 1237 1784 1359 1824; x_wconf 87' lang='lat' dir='ltr'><strong>trade-</strong></span> 
     </span>
     <span class='ocr_line' id='line_1_24' title="bbox 245 1860 416 1909; baseline -0.012 -11"><span class='ocrx_word' id='word_1_153' title='bbox 245 1869 300 1898; x_wconf 83' lang='lat' dir='ltr'><strong>ret</strong></span> <span class='ocrx_word' id='word_1_154' title='bbox 329 1860 416 1909; x_wconf 66' lang='grc' dir='ltr'><strong>(α).</strong></span> 
     </span>
    </p>

    <p class='ocr_par' dir='ltr' id='par_1_5' title="bbox 248 1924 1359 2117">
     <span class='ocr_line' id='line_1_25' title="bbox 296 1924 1357 1974; baseline -0.005 -7"><span class='ocrx_word' id='word_1_155' title='bbox 296 1928 475 1968; x_wconf 87' lang='lat' dir='ltr'><strong>Conditio</strong></span> <span class='ocrx_word' id='word_1_156' title='bbox 516 1935 637 1965; x_wconf 87' lang='lat' dir='ltr'><strong>autem</strong></span> <span class='ocrx_word' id='word_1_157' title='bbox 673 1926 712 1963; x_wconf 92' lang='lat' dir='ltr'><strong>in</strong></span> <span class='ocrx_word' id='word_1_158' title='bbox 747 1936 818 1973; x_wconf 90' lang='lat' dir='ltr'><strong>qua</strong></span> <span class='ocrx_word' id='word_1_159' title='bbox 845 1925 1064 1974; x_wconf 80' lang='lat' dir='ltr'><strong>Josephus,</strong></span> <span class='ocrx_word' id='word_1_160' title='bbox 1102 1925 1255 1963; x_wconf 88' lang='lat' dir='ltr'><strong>durante</strong></span> <span class='ocrx_word' id='word_1_161' title='bbox 1287 1924 1357 1963; x_wconf 91' lang='lat' dir='ltr'><strong>ob·</strong></span> 
     </span>
     <span class='ocr_line' id='line_1_26' title="bbox 248 1982 1358 2046; baseline -0.005 -8"><span class='ocrx_word' id='word_1_162' title='bbox 248 2000 419 2046; x_wconf 86' lang='lat' dir='ltr'><strong>sidione,</strong></span> <span class='ocrx_word' id='word_1_163' title='bbox 447 1997 690 2043; x_wconf 87' lang='lat' dir='ltr'><strong>versabatur,</strong></span> <span class='ocrx_word' id='word_1_164' title='bbox 717 2006 794 2034; x_wconf 90' lang='lat' dir='ltr'><strong>non</strong></span> <span class='ocrx_word' id='word_1_165' title='bbox 818 1982 936 2034; x_wconf 70' lang='lat' dir='ltr'><strong>facilis</strong></span> <span class='ocrx_word' id='word_1_166' title='bbox 955 1994 1057 2043; x_wconf 82' lang='lat' dir='ltr'><strong>fuit3</strong></span> <span class='ocrx_word' id='word_1_167' title='bbox 1086 1994 1130 2033; x_wconf 91' lang='lat' dir='ltr'><strong>ab</strong></span> <span class='ocrx_word' id='word_1_168' title='bbox 1159 2005 1230 2033; x_wconf 90' lang='lat' dir='ltr'><strong>una</strong></span> <span class='ocrx_word' id='word_1_169' title='bbox 1253 2006 1358 2044; x_wconf 89' lang='lat' dir='ltr'><strong>parte</strong></span> 
     </span>
     <span class='ocr_line' id='line_1_27' title="bbox 248 2065 1359 2117; baseline -0.004 -9"><span class='ocrx_word' id='word_1_170' title='bbox 248 2070 344 2108; x_wconf 85' lang='lat' dir='ltr'><strong>enim</strong></span> <span class='ocrx_word' id='word_1_171' title='bbox 380 2067 510 2117; x_wconf 87' lang='lat' dir='ltr'><strong>Judaei</strong></span> <span class='ocrx_word' id='word_1_172' title='bbox 548 2065 720 2104; x_wconf 88' lang='lat' dir='ltr'><strong>omnibus</strong></span> <span class='ocrx_word' id='word_1_173' title='bbox 769 2065 888 2104; x_wconf 87' lang='lat' dir='ltr'><strong>modis</strong></span> <span class='ocrx_word' id='word_1_174' title='bbox 931 2066 968 2104; x_wconf 92' lang='lat' dir='ltr'><strong>id</strong></span> <span class='ocrx_word' id='word_1_175' title='bbox 1009 2073 1189 2114; x_wconf 84' lang='lat' dir='ltr'><strong>egerunt,</strong></span> <span class='ocrx_word' id='word_1_176' title='bbox 1241 2073 1285 2104; x_wconf 88' lang='lat' dir='ltr'><strong>ut</strong></span> <span class='ocrx_word' id='word_1_177' title='bbox 1318 2065 1359 2104; x_wconf 91' lang='lat' dir='ltr'><strong>in</strong></span> 
     </span>
    </p>
   </div>
   <div class='ocr_carea' id='block_1_3' title="bbox 1289 2146 1360 2184">
    <p class='ocr_par' dir='ltr' id='par_1_6' title="bbox 1289 2146 1360 2184">
     <span class='ocr_line' id='line_1_28' title="bbox 1289 2146 1360 2184; baseline 0 0"><span class='ocrx_word' id='word_1_178' title='bbox 1289 2146 1360 2184; x_wconf 90' lang='lat' dir='ltr'><strong>po-</strong></span> 
     </span>
    </p>
   </div>
   <div class='ocr_carea' id='block_1_4' title="bbox 239 2226 859 2324">
    <p class='ocr_par' dir='ltr' id='par_1_7' title="bbox 239 2226 859 2324">
     <span class='ocr_line' id='line_1_29' title="bbox 239 2226 854 2271; baseline -0.003 -10"><span class='ocrx_word' id='word_1_179' title='bbox 239 2258 243 2261; x_wconf 90' lang='lat'>.</span> <span class='ocrx_word' id='word_1_180' title='bbox 289 2234 339 2271; x_wconf 87' lang='grc' dir='ltr'><strong>(ι)</strong></span> <span class='ocrx_word' id='word_1_181' title='bbox 361 2234 411 2262; x_wconf 92' lang='lat' dir='ltr'><strong>Cf.</strong></span> <span class='ocrx_word' id='word_1_182' title='bbox 434 2234 511 2261; x_wconf 85' lang='lat' dir='ltr'><strong>Bell.</strong></span> <span class='ocrx_word' id='word_1_183' title='bbox 535 2232 606 2270; x_wconf 84' lang='lat' dir='ltr'><strong>Jud.</strong></span> <span class='ocrx_word' id='word_1_184' title='bbox 631 2232 666 2260; x_wconf 87' lang='lat' dir='ltr'><strong>V.</strong></span> <span class='ocrx_word' id='word_1_185' title='bbox 700 2237 744 2263; x_wconf 79' lang='lat'><strong>13.</strong></span> <span class='ocrx_word' id='word_1_186' title='bbox 770 2226 798 2267; x_wconf 84' lang='lat'><strong>§.</strong></span> <span class='ocrx_word' id='word_1_187' title='bbox 828 2240 854 2261; x_wconf 85' lang='lat'><strong>1·</strong></span> 
     </span>
     <span class='ocr_line' id='line_1_30' title="bbox 292 2277 859 2324; baseline -0.009 -8"><span class='ocrx_word' id='word_1_188' title='bbox 292 2287 345 2324; x_wconf 63' lang='grc' dir='ltr'><strong>(ε)</strong></span> <span class='ocrx_word' id='word_1_189' title='bbox 364 2286 414 2316; x_wconf 82' lang='lat' dir='ltr'><strong>Cf.</strong></span> <span class='ocrx_word' id='word_1_190' title='bbox 435 2285 514 2314; x_wconf 81' lang='lat' dir='ltr'><strong>Bell.</strong></span> <span class='ocrx_word' id='word_1_191' title='bbox 541 2284 612 2321; x_wconf 89' lang='lat' dir='ltr'><strong>Jud.</strong></span> <span class='ocrx_word' id='word_1_192' title='bbox 640 2284 680 2312; x_wconf 85' lang='lat' dir='ltr'><strong>V.</strong></span> <span class='ocrx_word' id='word_1_193' title='bbox 706 2289 753 2317; x_wconf 80' lang='lat'><strong>13.</strong></span> <span class='ocrx_word' id='word_1_194' title='bbox 776 2277 805 2319; x_wconf 66' lang='lat'><strong>§-</strong></span> <span class='ocrx_word' id='word_1_195' title='bbox 833 2291 859 2316; x_wconf 81' lang='lat' dir='ltr'><strong>S-</strong></span> 
     </span>
    </p>
   </div>
   <div class='ocr_carea' id='block_1_5' title="bbox 1422 0 1487 2703">
    <p class='ocr_par' dir='ltr' id='par_1_8' title="bbox 1422 0 1487 2703">
     <span class='ocr_line' id='line_1_31' title="bbox 1422 0 1487 2703; baseline 0 0"><span class='ocrx_word' id='word_1_196' title='bbox 1422 0 1487 2703; x_wconf 95' lang='lat' dir='ltr'><strong> </strong></span> 
     </span>
    </p>
   </div>
  </div>
 </body>
</html>
