1487 2703
212 161 262 196 40
304 146 320 152 ”’
390 143 644 184 COMM.
700 142 1175 185 BOT-OECON.

216 284 240 307 ‚‚
266 255 434 293 individet
448 281 460 299 ‚
488 253 521 289 ll
539 261 591 290 cst
612 264 703 289 rare
725 264 796 302 que
817 253 964 304 l'esprt’t
980 259 1186 306 preoccupa
1202 266 1244 293 no
1269 257 1326 294 lul

215 355 239 374 „
265 335 417 368 trouve,
457 324 545 373 quoi
567 322 677 372 q'u’on
699 321 776 359 disc
795 332 894 372 pour
921 322 1143 371 desabuser,
1169 326 1251 375 plus
1279 325 1324 364 da

214 423 238 442 „
265 395 470 431 mauvaiscs
511 404 580 442 que
620 391 662 428 de
697 391 827 430 bonnas
860 393 1047 440 qualitds;
1075 406 1111 431 ec
1136 397 1168 431 si
1179 395 1324 443 jamais

213 492 237 510 9,
263 476 307 501 οη
333 465 474 500 raviam
507 464 532 498 ἁ
569 474 604 498 se
633 461 753 509 sajet,
783 474 822 498 ce
864 461 960 499 n’est
986 463 1158 513 qu'apres
1185 464 1325 502 l’avoir.

212 563 235 581 „
261 534 458 583 longtamps
484 530 725 568 maltralte'.”

261 604 321 642 Ex
361 602 566 650 propositis
603 601 634 639 si
660 600 885 650 coniecturis
912 601 1103 650 nuncet,
1130 603 1323 649 sequentia

208 685 335 722 cogam
366 671 533 719 mihique
570 671 756 717 servabo,
796 671 913 708 donec
952 672 1083 709 meIIus
1110 673 1322 712 didicerem.

210 743 384 782 Arbitror
408 743 573 779 scilicet:
592 741 764 779 Solanam
790 744 996 780 tuberosum
1022 753 1067 779 ex
1090 743 1257 781 America
1284 745 1323 781 iu

213 812 430 860 Hispaniam
473 812 628 859 primum
671 811 830 848 delatum
873 823 981 857 esse,
1010 821 1046 849 et
1072 812 1212 851 dictum
1248 814 1324 853 Pe:-

210 892 342 920 trum
373 882 406 919 C
425 882 433 917 i
450 884 583 919 ecam
604 909 615 927 ‚
653 893 737 928 prae
764 882 844 918 aliis
885 881 1103 930 aurifodinis
1129 883 1326 931 praecipue

210 951 401 999 occupatis
421 979 432 997 ‚
471 952 627 988 multum
654 951 697 988 ad
724 962 849 988 eorum
877 951 1126 1000 cognitionem
1144 961 1180 990 et
1206 961 1325 990 trans-

208 1021 471 1069 plantationem
508 1021 727 1058 contulisse.
769 1042 823 1050 —
859 1021 920 1059 Ex
958 1021 1140 1069 Hispania
1175 1022 1212 1060 in
1254 1023 1327 1061 Ita·

207 1091 289 1128 liam
323 1092 391 1128 iter
419 1089 552 1128 fecisse
583 1091 641 1128 vel
681 1089 809 1128 forsan
835 1091 879 1128 ab
909 1091 1086 1139 Hispanis
1112 1103 1157 1131 ex
1180 1094 1325 1132 Ameri-

207 1174 249 1198 ca
280 1161 418 1199 directe
448 1161 486 1198 in
523 1160 662 1199 Italiam
709 1161 941 1209 deportatum
971 1160 1106 1201 fuisse.
1159 1162 1259 1201 Hinc
1285 1164 1324 1202 in

208 1230 366 1268 Galliam
383 1260 395 1277 ‚
426 1231 584 1279 Belgiam
601 1259 613 1277 ‚
651 1230 910 1278 Germaniam,
953 1241 990 1269 et
1015 1243 1035 1269 e
1060 1232 1259 1271 Germania
1285 1233 1322 1271 in

210 1301 471 1346 Hollandiamt,
501 1299 671 1348 quamvis
699 1301 866 1338 videatur
895 1301 1032 1340 Solana
1056 1302 1161 1339 etiam
1185 1314 1228 1339 ex
1252 1302 1325 1340 Ita-

204 1371 252 1416 lia
280 1373 315 1408 in
341 1371 546 1409 Helvetium
574 1381 612 1408 et
628 1370 846 1409 Germaniae
864 1379 985 1419 partes
1005 1399 1017 1418 ,
1046 1371 1224 1409 orientem
1243 1384 1324 1412 vet-

207 1453 271 1481 sus
300 1441 413 1487 sitas,
442 1440 601 1484 venisse,

257 1512 299 1553 In
338 1512 510 1559 Angliam
547 1519 667 1548 autem
706 1520 803 1548 recta
826 1511 884 1548 via
910 1522 930 1548 e
955 1510 1122 1560 Virginia
1138 1540 1150 1559 ‚
1179 1513 1244 1551 sed
1260 1524 1322 1552 eo-

206 1594 285 1619 rum
311 1582 507 1619 adhibendi
530 1590 566 1619 et
579 1582 721 1618 colendi
745 1581 960 1619 methodum
987 1593 1032 1619 ex
1057 1583 1190 1630 Anglia
1216 1595 1319 1632 prae-

202 1655 312 1701 cipue
352 1652 390 1689 in
424 1652 510 1690 alias
552 1652 721 1699 regiones
750 1650 905 1688 transire
940 1651 1109 1698 potuisse
1141 1663 1217 1690 non
1256 1664 1321 1691 ne-

205 1735 266 1770 go.
303 1740 358 1747 -
408 1721 578 1769 Denique
608 1721 646 1758 in
684 1721 851 1759 Sueciam
891 1719 1050 1759 fortasse
1082 1733 1170 1760 cura
1209 1722 1320 1762 Lin-

204 1794 348 1839 naei,
388 1793 452 1840 qui
483 1792 516 1828 si
554 1791 677 1828 minus
700 1791 780 1840 ipse
817 1791 1091 1839 introduxerit,
1130 1795 1236 1846 plura
1268 1803 1323 1832 ta·

208 1873 289 1899 men
318 1863 354 1900 in
384 1861 578 1899 itineribus
615 1862 660 1899 de
686 1861 802 1898 hocce
839 1860 965 1899 fructu
1001 1863 1158 1902 collecta
1184 1863 1223 1902 in
1256 1876 1319 1912 pa·

204 1934 307 1970 triam
335 1943 436 1969 snam
477 1930 756 1969 secumduxisse
791 1931 952 1968 videtur.
1005 1932 1152 1970 Ultimo
1179 1945 1199 1970 e
1227 1934 1333 1977 Sue-⁷

205 2003 260 2040 cia
296 2002 333 2039 in
368 2001 594 2049 Norvegiam
623 2009 659 2037 et
686 2011 837 2047 quoque
864 2000 901 2038 in
929 2000 1131 2048 Russiam,
1158 2001 1223 2039 ubi
1254 2014 1319 2040 ve-

204 2084 244 2109 ro
263 2100 275 2117 ‚
306 2072 362 2108 vel
397 2083 416 2107 e
444 2069 595 2108 Polonia
616 2097 628 2115 ‚
659 2070 715 2106 vel
743 2070 798 2106 uti
825 2078 1032 2108 statuerunt
1055 2069 1139 2117 alii,
1168 2082 1212 2108 ex
1240 2072 1317 2123 An-

206 2143 272 2191 gii-2³.
302 2142 403 2179 etiam
434 2141 619 2179 invectum
647 2151 726 2180 esse
754 2148 892 2187 potest.

1171 2294 1317 2334 PARS
