1487 2703
486 112 929 171 JURtD1eA.
1160 122 1269 164 ,49

152 220 288 260 victori
318 221 510 259 soluturus
540 229 619 268 est3
671 221 715 259 de
753 232 791 258 ea
823 232 888 268 per
916 233 957 261 se
985 221 1075 269 quin
1115 230 1263 261 contra-

149 291 236 329 here
272 290 404 336 liceat‚
429 301 539 328 nemo
574 301 660 328 sane
684 290 895 336 dubitabit,
923 301 1046 339 neque
1075 301 1120 328 eo
1144 292 1260 340 magis

147 359 272 398 victus
300 360 344 397 de
367 360 556 397 solutione
579 368 724 398 tenetur
741 388 753 406 ‚
782 360 954 407 quoniam
981 359 1032 397 illi
1062 346 1138 398 non
1172 361 1259 399 lice·

145 429 237 477 bat,
290 430 361 468 tale
389 423 580 477 suscipere
616 430 818 477 periculum
837 458 850 477 ,
902 441 1024 477 neque
1053 430 1187 469 victori
1216 430 1256 471 in

141 498 234 537 illud
263 510 407 537 causan]
442 500 679 547 obligationis
708 512 795 537 suae
823 510 977 547 ponere.

195 569 281 607 Hoc
303 570 507 618 periculum
537 582 556 608 a
583 572 663 618 lege
687 569 844 607 babetur
880 580 989 608 causa
1018 568 1143 607 illicita
1166 568 1253 619 (ι).

142 638 241 677 Idem
271 640 307 677 in
344 641 437 678 ludis
466 639 625 677 obtinet.
670 640 810 677 Tecum
840 641 914 677 alea
943 640 1059 686 ludo,
1101 639 1256 687 pacisci·

142 720 252 755 mur,
288 722 399 756 eum,
427 710 486 746 cui
519 709 669 758 jacienti
705 710 826 746 minor
862 719 1037 746 numerus
1079 716 1251 746 notarum

140 778 178 816 in
218 779 401 826 superiori
435 780 532 816 aleae
568 788 669 827 parte
708 778 869 823 existat,
898 777 1001 815 alteri
1038 778 1251 816 soluturum

140 858 220 885 esse
252 860 336 886 100.
353 849 527 886 florenos.
555 868 612 878 -—
639 849 778 887 Nuilus
812 860 868 886 CSt
897 856 1111 887 contractus
1137 859 1253 898 prop-

139 925 194 954 ter
216 918 364 955 eandem
388 920 565 957 rationem
595 919 679 966 (2),

191 987 363 1034 Denique
400 988 649 1025 animadverte
683 997 718 1025 et
748 989 849 1034 hoe,
900 997 942 1026 ut
976 989 1020 1027 de
1046 986 1251 1026 differentia

137 1057 231 1094 inter
277 1057 465 1106 objectum
513 1066 548 1094 et
587 1069 750 1095 causam·
777 1070 861 1095 vere
910 1058 1090 1096 existente
1130 1059 1249 1106 palam

134 1135 303 1172 constet,
332 1127 525 1164 articulum
555 1140 689 1176 1132.‚
719 1139 795 1175 quo
820 1128 1000 1175 docetur,
1018 1129 1137 1166 valere
1157 1138 1250 1166 con-

133 1198 371 1242 ventionem,
400 1197 570 1244 quamvis
608 1208 682 1234 non
722 1208 893 1245 expressa
928 1209 1069 1244 causa,
1105 1197 1151 1235 ad
1177 1196 1247 1235 ob*

129 1267 268 1316 jectum
301 1268 406 1304 nullo
433 1268 545 1303 motio
575 1266 666 1304 trahi
700 1278 837 1314 posse,
867 1267 1008 1315 quippe
1040 1278 1124 1304 cum
1166 1267 1244 1305 fieri

131 1345 315 1384 nequeat,
364 1345 406 1375 ut
431 1336 660 1383 conventio,
716 1345 779 1373 aut
803 1336 888 1373 viva
923 1348 1042 1383 voce,
1084 1345 1149 1375 aut
1189 1336 1247 1374 in-

130 1414 364 1452 strumento‚
415 1405 660 1452 conficiatur,
698 1406 772 1443 nisi
813 1407 1039 1454 exprimatur
1074 1417 1163 1454 res,
1199 1407 1244 1445 de

131 1488 204 1524 qua
219 1476 477 1522 contrahitur,

181 1545 295 1594 Quod
332 1546 462 1583 attinet
498 1546 542 1583 ad
572 1554 785 1583 contractus
821 1546 1035 1595 gratuitos,
1071 1547 1244 1586 concedi·

132 1627 214 1653 tuus
251 1615 346 1653 Viro
380 1616 442 1654 Cl.
472 1615 566 1664 (3),
608 1615 890 1661 liberalitatem,
930 1616 1037 1663 quain
1081 1616 1166 1664 quis
1202 1616 1240 1655 in

126 1685 281 1722 alterum
319 1696 486 1723 exercere
511 1687 619 1731 vult,
646 1686 805 1733 separari
832 1696 988 1733 prorsus
1014 1695 1092 1722 non
1119 1698 1239 1733 posse

126 1765 146 1792 a
174 1765 389 1801 consensu,
434 1763 541 1801 quem
581 1755 617 1792 In
653 1763 882 1792 contractum
920 1755 995 1793 dat.
1081 1755 1241 1794 Minime

124 1836 213 1862 vero
249 1823 402 1873 impedit
426 1824 521 1872 hoc,
559 1808 759 1873 quorninus
797 1834 916 1862 tamen
946 1825 1007 1863 hic
1042 1825 1122 1874 ipse
1149 1833 1241 1865 con-

123 1904 258 1933 sensus
292 1894 340 1932 sit
373 1905 509 1941 causa,
548 1906 620 1942 qua
650 1895 871 1933 contrahens
897 1894 1084 1944 obligatur
1104 1896 1150 1934 ad
1174 1895 1211 1934 id
1223 1920 1244 1946 a*

1136 1967 1238 2014 quod

160 2085 212 2121 (ι)
233 2086 306 2116 Vid.
329 2094 384 2115 art.
410 2087 452 2116 C.
469 2086 506 2116 C.
532 2087 616 2123 1965.

153 2144 206 2180 (α)
224 2142 297 2173 vid.
319 2152 375 2173 art.
400 2145 481 2172 laud.

153 2198 205 2236 (τ.)
224 2199 260 2230 L.
282 2201 303 2229 1.
329 2208 394 2236 pag.
418 2210 472 2236 253
495 2207 525 2229 et
548 2207 620 2238 254,-

166 2267 283 2295 ιιιΝτ.
656 2257 688 2294 D
