1487 2703
170 160 240 197 150
391 144 1053 189 COMMENTATIO

223 258 363 295 Solana
398 257 504 295 etiam
544 258 681 296 ovibus
721 267 890 307 porrecta
915 269 1027 309 sunt,
1061 269 1177 309 atque
1212 265 1279 311 qui

172 327 385 376 praesertim
419 328 458 364 in
489 327 653 376 Anina,
691 327 731 365 in
755 328 974 368 Germaniae
1008 339 1112 378 parte
1134 340 1282 380 septen-

171 397 344 444 trionali,
383 397 535 436 Polonia
564 406 636 437 etc.
671 398 783 436 hodie
817 399 891 436 hoe
927 400 1195 439 nutrimentum
1232 401 1280 440 iis

170 467 387 506 animalibus
418 467 617 515 praebent,
645 479 786 516 perque
809 480 926 508 annos
947 471 1021 519 jam
1044 470 1164 508 secuti
1192 478 1282 509 sunt

173 538 267 575 hanc
313 537 527 576 methodum
544 565 558 585 ‚
595 537 674 576 fere
709 549 782 577 una
820 551 914 579 voce
946 540 1151 588 affirmant,
1190 550 1282 578 oves

171 607 265 646 illud
290 606 397 646 initio
424 608 572 655 quidem
611 620 690 647 non
713 610 820 649 valde
849 618 1023 660 appetere
1039 638 1053 658 ‚
1081 610 1148 649 secl
1171 610 1286 648 semel

174 686 371 716 consuetas
397 678 503 717 avide
527 690 727 719 assumere.

224 747 458 797 Quamquam
496 759 586 786 vero
638 749 699 787 alii
748 757 884 798 putent
925 751 1145 791 Solanorum
1187 761 1287 796 usu,

173 825 210 855 et
235 818 415 866 imprimis
442 818 586 857 Solam's
625 819 750 857 rubris
778 820 1004 859 debilitatem
1030 821 1147 870 oriri,
1177 820 1290 870 pluri-

175 888 227 925 mi
265 896 385 927 tamen
409 896 592 927 testantur
611 917 625 937 ‚
654 902 694 928 ea
731 890 866 929 ovibus
905 891 1078 929 exhibere
1109 890 1290 939 pabulum

174 969 330 1006 sanum,
372 971 449 1008 quo
486 960 600 998 laetae
635 971 750 1008 atque
781 968 934 1009 vegetae
972 961 1083 999 vitam
1125 961 1290 1009 degunt,

175 1030 284 1078 copia
314 1030 420 1069 lactis
453 1030 627 1068 increscit
664 1038 701 1069 et
744 1031 839 1080 pulli
870 1030 1109 1080 pulcherrimi
1134 1030 1293 1081 gignun-

174 1108 237 1137 tur
251 1128 264 1147 ,
292 1099 446 1148 insuper
464 1112 594 1139 sevum
617 1110 655 1139 et
681 1112 809 1140 carnes
832 1102 958 1149 augeri
981 1103 1174 1149 lanamque
1199 1101 1295 1138 mol·

175 1170 254 1209 litie
275 1181 312 1209 et
337 1172 418 1210 aliis
445 1172 566 1221 signis
592 1171 758 1220 optimae
785 1180 897 1210 notae
924 1173 1116 1211 excellere.
1168 1171 1295 1209 Utun-

175 1250 238 1279 tur
272 1242 395 1280 denuo
424 1242 503 1281 sive
528 1243 675 1281 Solanis
709 1244 829 1280 coctis
851 1242 933 1280 sive
954 1242 1078 1280 crudis
1105 1252 1190 1279 curn
1214 1239 1296 1278 foe·

174 1322 225 1349 no
253 1314 313 1350 vel
336 1313 376 1350 in
399 1314 540 1361 pultem
569 1313 724 1351 redactis
750 1322 786 1350 et
810 1310 949 1349 farinae
971 1312 1168 1356 pisorum,
1194 1309 1299 1346 Ave·

173 1393 242 1420 nae
280 1391 382 1427 etc.‚
419 1382 589 1430 J'unctis,
630 1384 689 1416 vel
728 1379 873 1416 tandem
908 1377 979 1416 sub
1018 1375 1138 1416 forma
1177 1377 1296 1425 pultis

177 1463 262 1490 cum
294 1450 449 1490 furfuris
490 1459 527 1488 et
563 1449 650 1488 salis
686 1448 862 1487 culinaris
909 1449 1064 1495 quadam
1105 1446 1296 1496 portione.

179 1521 340 1570 Quidam
370 1532 523 1569 quoque
548 1531 682 1567 aquam
714 1531 734 1557 e
769 1519 916 1558 Solam's
944 1528 1181 1566 expressam,
1208 1528 1294 1555 cum

181 1589 421 1629 straminibus
448 1590 650 1629 conscissis
678 1589 866 1637 potulenti
893 1588 1007 1626 instar
1032 1595 1301 1636 porrexerunt,

179 1671 292 1710 atque
319 1663 357 1700 in
394 1662 544 1700 Ducatu
569 1662 691 1700 Posen
726 1660 879 1697 fuerunt
895 1687 908 1705 ,
936 1658 1001 1706 qui
1028 1670 1117 1696 oves
1145 1658 1191 1696 ad
1215 1659 1299 1696 her-

184 1732 266 1770 bam
291 1732 556 1780 depascendam
584 1731 623 1769 in
649 1741 759 1779 agros
783 1729 985 1768 mitterent.
1011 1727 1084 1777 (1)

229 1803 374 1840 Eodem
407 1802 518 1839 modo
555 1811 737 1840 caeterum
774 1811 903 1849 caprae
944 1808 981 1838 et
1018 1799 1130 1838 hoedi
1156 1799 1301 1840 Solanis

1216 1879 1302 1908 ves·

183 1945 250 1972 pag.
273 1944 346 1971 ²37,
369 1945 400 1966 et
414 1936 467 1966 ην.
487 1946 534 1971 53·
551 1944 619 1971 pag.
638 1946 716 1973 423,
741 1939 834 1970 1821,
854 1936 908 1964 n0.
931 1946 985 1971 22,
1007 1943 1076 1970 pag.
1103 1943 1161 1970 ¹73
1175 1954 1186 1970 ‚
1205 1938 1304 1970 ¹827,

182 1990 234 2023 ¹1⁹.
255 1998 303 2030 48.
324 2002 391 2029 pag.
415 1999 530 2029 333.—
552 1995 718 2023 Transact.
728 1995 782 2030 fiir
803 1994 940 2022 Encour.
968 1994 1038 2022 vol.
1056 1993 1139 2021 VIII.
1159 1999 1228 2028 pag.
1247 1994 1300 2029 48,

184 2052 257 2079 Vol.
274 2052 310 2080 X.
329 2059 396 2086 pag.
417 2055 466 2087 98.
487 2052 557 2079 Vol.
579 2050 658 2079 XVI.
675 2058 743 2085 pag.
758 2057 815 2086 199
828 2070 838 2086 ‚
860 2051 930 2079 Vol.
947 2050 1026 2079 XXI.
1047 2057 1115 2085 pag.
1137 2057 1203 2086 ¹90·

223 2110 288 2136 Ch.
311 2108 459 2143 Pictet,
486 2108 580 2136 Μόνη.
604 2116 658 2135 sur
683 2106 817 2143 l'emplot
840 2107 889 2135 des
909 2114 1039 2143 pommes
1063 2107 1099 2135 de
1115 2113 1201 2135 terre
1228 2106 1248 2135 ὁ
1270 2108 1303 2135 la

187 2167 371 2192 nourritun·
395 2164 445 2192 des
466 2165 624 2192 hestiaux.
646 2165 735 2193 Bibl.
757 2165 849 2193 Univ.
868 2163 1006 2200 (agric).
1032 2165 1124 2199 1820,
1145 2170 1216 2199 pag.
1235 2169 1285 2197 57.

226 2221 276 2260 (ι)
301 2224 410 2250 Oneon.
434 2221 573 2257 Neuigk.
596 2225 693 2257 1833,
713 2225 763 2250 n0.
793 2228 843 2256 91·
864 2228 934 2256 pag.
961 2227 1030 2254 725.
1062 2220 1112 2250 Cf.
1134 2219 1226 2248 etiam
1247 2221 1307 2248 Oe-

192 2288 254 2307 run.
270 2280 406 2314 Neuigk.
431 2283 524 2313 1820,
546 2279 597 2306 ΠΟ.
615 2282 643 2305 6.
667 2286 732 2313 pag.
755 2282 809 2313 453,
849 2285 878 2306 et
905 2275 956 2305 ην.
979 2280 1016 2307 16
1035 2284 1101 2312 pag·
1122 2284 1187 2307 122.
1208 2278 1311 2312 182ss

1192 2332 1244 2360 110.
1257 2340 1305 2367 43.

1448 87 1458 102 ς
1436 0 1461 50 ,ι’ςςὶ

1447 412 1465 519 ,st-eraeae„
1459 380 1462 385 ,
1445 349 1455 361 ε
1448 285 1458 312 ,ι

1446 540 1463 666 fisum-s:

1444 679 1466 810 Ξ

1444 813 1465 976 ξ
