<?xml version="1.0" encoding="UTF-8"?>
<!DOCTYPE html PUBLIC "-//W3C//DTD XHTML 1.0 Transitional//EN"
    "http://www.w3.org/TR/xhtml1/DTD/xhtml1-transitional.dtd">
<html xmlns="http://www.w3.org/1999/xhtml" xml:lang="en" lang="en">
 <head>
  <title>
</title>
<meta http-equiv="Content-Type" content="text/html;charset=utf-8" />
  <meta name='ocr-system' content='tesseract 3.04.00' />
  <meta name='ocr-capabilities' content='ocr_page ocr_carea ocr_par ocr_line ocrx_word'/>
</head>
<body>
  <div class='ocr_page' id='page_1' title='image "annalesacademiae34rhen_0335.png"; bbox 0 0 1544 2693; ppageno 0'>
   <div class='ocr_carea' id='block_1_1' title="bbox 422 177 1258 240">
    <p class='ocr_par' dir='ltr' id='par_1_1' title="bbox 422 177 1258 240">
     <span class='ocr_line' id='line_1_1' title="bbox 422 177 1258 240; baseline 0.01 -17"><span class='ocrx_word' id='word_1_1' title='bbox 422 186 1011 230; x_wconf 75' lang='lat' dir='ltr'><strong>TquLoGIcA.</strong></span> <span class='ocrx_word' id='word_1_2' title='bbox 1152 177 1258 240; x_wconf 69' lang='lat'><strong>&#39;207</strong></span> 
     </span>
    </p>
   </div>
   <div class='ocr_carea' id='block_1_2' title="bbox 128 293 1265 1668">
    <p class='ocr_par' dir='ltr' id='par_1_2' title="bbox 128 293 1265 1668">
     <span class='ocr_line' id='line_1_2' title="bbox 159 293 1264 338; baseline 0.006 -7"><span class='ocrx_word' id='word_1_3' title='bbox 159 302 284 336; x_wconf 77' lang='lat' dir='ltr'><strong>tores,</strong></span> <span class='ocrx_word' id='word_1_4' title='bbox 311 305 394 332; x_wconf 79' lang='lat' dir='ltr'><strong>cum</strong></span> <span class='ocrx_word' id='word_1_5' title='bbox 416 297 557 334; x_wconf 76' lang='lat' dir='ltr'><strong>nulium</strong></span> <span class='ocrx_word' id='word_1_6' title='bbox 585 297 621 334; x_wconf 86' lang='lat' dir='ltr'><strong>in</strong></span> <span class='ocrx_word' id='word_1_7' title='bbox 658 293 775 336; x_wconf 80' lang='lat' dir='ltr'><strong>Novi&#39;</strong></span> <span class='ocrx_word' id='word_1_8' title='bbox 796 299 969 337; x_wconf 82' lang='lat' dir='ltr'><strong>Foederis</strong></span> <span class='ocrx_word' id='word_1_9' title='bbox 1010 299 1116 338; x_wconf 87' lang='lat' dir='ltr'><strong>libris</strong></span> <span class='ocrx_word' id='word_1_10' title='bbox 1162 299 1264 338; x_wconf 88' lang='lat' dir='ltr'><strong>inve-</strong></span> 
     </span>
     <span class='ocr_line' id='line_1_3' title="bbox 158 362 1263 418; baseline 0.008 -18"><span class='ocrx_word' id='word_1_11' title='bbox 158 362 279 401; x_wconf 87' lang='lat' dir='ltr'><strong>nirent</strong></span> <span class='ocrx_word' id='word_1_12' title='bbox 319 374 452 403; x_wconf 87' lang='lat' dir='ltr'><strong>certam</strong></span> <span class='ocrx_word' id='word_1_13' title='bbox 496 377 536 403; x_wconf 87' lang='lat' dir='ltr'><strong>ac</strong></span> <span class='ocrx_word' id='word_1_14' title='bbox 571 367 754 405; x_wconf 85' lang='lat' dir='ltr'><strong>definitam</strong></span> <span class='ocrx_word' id='word_1_15' title='bbox 790 369 911 406; x_wconf 84' lang='lat' dir='ltr'><strong>seriem</strong></span> <span class='ocrx_word' id='word_1_16' title='bbox 955 378 1263 418; x_wconf 85' lang='lat' dir='ltr'><strong>praeceptorum,</strong></span> 
     </span>
     <span class='ocr_line' id='line_1_4' title="bbox 153 433 1264 489; baseline 0.008 -19"><span class='ocrx_word' id='word_1_17' title='bbox 153 444 175 470; x_wconf 86' lang='lat' dir='ltr'><strong>a</strong></span> <span class='ocrx_word' id='word_1_18' title='bbox 208 433 363 471; x_wconf 82' lang='lat' dir='ltr'><strong>Christo</strong></span> <span class='ocrx_word' id='word_1_19' title='bbox 396 444 457 473; x_wconf 80' lang='lat' dir='ltr'><strong>aut</strong></span> <span class='ocrx_word' id='word_1_20' title='bbox 485 436 682 484; x_wconf 79' lang='lat' dir='ltr'><strong>Apostolis</strong></span> <span class='ocrx_word' id='word_1_21' title='bbox 720 439 798 476; x_wconf 82' lang='lat' dir='ltr'><strong>eius</strong></span> <span class='ocrx_word' id='word_1_22' title='bbox 835 440 1032 488; x_wconf 83' lang='lat' dir='ltr'><strong>datorum,</strong></span> <span class='ocrx_word' id='word_1_23' title='bbox 1082 450 1157 478; x_wconf 88' lang='lat' dir='ltr'><strong>non</strong></span> <span class='ocrx_word' id='word_1_24' title='bbox 1193 452 1264 489; x_wconf 90' lang='lat' dir='ltr'><strong>po—</strong></span> 
     </span>
     <span class='ocr_line' id='line_1_5' title="bbox 154 504 1265 551; baseline 0.009 -13"><span class='ocrx_word' id='word_1_25' title='bbox 154 511 303 540; x_wconf 80' lang='lat' dir='ltr'><strong>tuerunt</strong></span> <span class='ocrx_word' id='word_1_26' title='bbox 350 504 520 551; x_wconf 84' lang='lat' dir='ltr'><strong>praebere</strong></span> <span class='ocrx_word' id='word_1_27' title='bbox 548 507 835 546; x_wconf 84' lang='lat' dir='ltr'><strong>commodiorem</strong></span> <span class='ocrx_word' id='word_1_28' title='bbox 878 509 983 547; x_wconf 89' lang='lat' dir='ltr'><strong>fimul</strong></span> <span class='ocrx_word' id='word_1_29' title='bbox 1028 520 1068 547; x_wconf 87' lang='lat' dir='ltr'><strong>ac</strong></span> <span class='ocrx_word' id='word_1_30' title='bbox 1107 509 1265 548; x_wconf 78' lang='lat' dir='ltr'><strong>sanctio-</strong></span> 
     </span>
     <span class='ocr_line' id='line_1_6' title="bbox 151 575 1262 628; baseline 0.006 -17"><span class='ocrx_word' id='word_1_31' title='bbox 151 583 257 622; x_wconf 85' lang='lat' dir='ltr'><strong>rem,</strong></span> <span class='ocrx_word' id='word_1_32' title='bbox 287 586 395 622; x_wconf 87' lang='lat' dir='ltr'><strong>quam</strong></span> <span class='ocrx_word' id='word_1_33' title='bbox 413 575 610 624; x_wconf 89' lang='lat' dir='ltr'><strong>decalogus</strong></span> <span class='ocrx_word' id='word_1_34' title='bbox 634 578 800 616; x_wconf 83' lang='lat' dir='ltr'><strong>exhibet.</strong></span> <span class='ocrx_word' id='word_1_35' title='bbox 833 579 954 628; x_wconf 87' lang='lat' dir='ltr'><strong>Quam</strong></span> <span class='ocrx_word' id='word_1_36' title='bbox 980 587 1021 617; x_wconf 89' lang='lat' dir='ltr'><strong>ut</strong></span> <span class='ocrx_word' id='word_1_37' title='bbox 1049 578 1262 626; x_wconf 81' lang='lat' dir='ltr'><strong>servarent,</strong></span> 
     </span>
     <span class='ocr_line' id='line_1_7' title="bbox 149 643 1263 697; baseline 0.004 -15"><span class='ocrx_word' id='word_1_38' title='bbox 149 643 324 683; x_wconf 86' lang='lat' dir='ltr'>suadebat</span> <span class='ocrx_word' id='word_1_39' title='bbox 336 654 519 693; x_wconf 79' lang='lat' dir='ltr'><strong>praeterea</strong></span> <span class='ocrx_word' id='word_1_40' title='bbox 543 648 749 694; x_wconf 85' lang='lat' dir='ltr'><strong>exemplum</strong></span> <span class='ocrx_word' id='word_1_41' title='bbox 762 647 880 685; x_wconf 86' lang='lat' dir='ltr'>Paulli</span> <span class='ocrx_word' id='word_1_42' title='bbox 897 675 910 694; x_wconf 90' lang='lat'>,</span> <span class='ocrx_word' id='word_1_43' title='bbox 934 648 998 696; x_wconf 86' lang='lat' dir='ltr'><strong>qui</strong></span> <span class='ocrx_word' id='word_1_44' title='bbox 1013 659 1076 696; x_wconf 78' lang='lat' dir='ltr'><strong>‚et</strong></span> <span class='ocrx_word' id='word_1_45' title='bbox 1100 649 1137 686; x_wconf 90' lang='lat' dir='ltr'><strong>in</strong></span> <span class='ocrx_word' id='word_1_46' title='bbox 1160 660 1263 697; x_wconf 86' lang='lat' dir='ltr'><strong>prae-</strong></span> 
     </span>
     <span class='ocr_line' id='line_1_8' title="bbox 146 713 1261 766; baseline 0.005 -16"><span class='ocrx_word' id='word_1_47' title='bbox 146 713 350 762; x_wconf 87' lang='lat' dir='ltr'><strong>cipiendo,</strong></span> <span class='ocrx_word' id='word_1_48' title='bbox 401 714 517 752; x_wconf 87' lang='lat' dir='ltr'><strong>Rom.</strong></span> <span class='ocrx_word' id='word_1_49' title='bbox 561 715 663 755; x_wconf 82' lang='lat' dir='ltr'><strong>xm:</strong></span> <span class='ocrx_word' id='word_1_50' title='bbox 700 728 740 763; x_wconf 84' lang='lat'><strong>9.</strong></span> <span class='ocrx_word' id='word_1_51' title='bbox 783 725 818 754; x_wconf 82' lang='lat' dir='ltr'><strong>et</strong></span> <span class='ocrx_word' id='word_1_52' title='bbox 857 716 895 755; x_wconf 90' lang='lat' dir='ltr'><strong>in</strong></span> <span class='ocrx_word' id='word_1_53' title='bbox 931 718 1261 766; x_wconf 86' lang='lat' dir='ltr'><strong>reprehendendo,</strong></span> 
     </span>
     <span class='ocr_line' id='line_1_9' title="bbox 151 770 1256 837; baseline 0.005 -17"><span class='ocrx_word' id='word_1_54' title='bbox 151 794 166 820; x_wconf 83' lang='lat'>1</span> <span class='ocrx_word' id='word_1_55' title='bbox 185 781 288 821; x_wconf 87' lang='lat' dir='ltr'>Tim.</span> <span class='ocrx_word' id='word_1_56' title='bbox 307 770 338 821; x_wconf 61' lang='lat'><strong>1&#39;2</strong></span> <span class='ocrx_word' id='word_1_57' title='bbox 366 795 390 831; x_wconf 89' lang='lat'>9</span> <span class='ocrx_word' id='word_1_58' title='bbox 408 811 420 830; x_wconf 85' lang='lat'>‚</span> <span class='ocrx_word' id='word_1_59' title='bbox 454 796 512 821; x_wconf 90' lang='lat'><strong>10.</strong></span> <span class='ocrx_word' id='word_1_60' title='bbox 541 784 705 833; x_wconf 68' lang='lat' dir='ltr'><strong>decaiogi</strong></span> <span class='ocrx_word' id='word_1_61' title='bbox 733 786 898 824; x_wconf 83' lang='lat' dir='ltr'>ordinem</span> <span class='ocrx_word' id='word_1_62' title='bbox 925 795 981 824; x_wconf 89' lang='lat' dir='ltr'><strong>est</strong></span> <span class='ocrx_word' id='word_1_63' title='bbox 1004 786 1166 826; x_wconf 86' lang='lat' dir='ltr'><strong>secutus.</strong></span> <span class='ocrx_word' id='word_1_64' title='bbox 1186 788 1256 837; x_wconf 79' lang='lat' dir='ltr'><strong>(n)</strong></span> 
     </span>
     <span class='ocr_line' id='line_1_10' title="bbox 195 852 1259 905; baseline 0.005 -15"><span class='ocrx_word' id='word_1_65' title='bbox 195 852 369 901; x_wconf 89' lang='lat' dir='ltr'><strong>Denique</strong></span> <span class='ocrx_word' id='word_1_66' title='bbox 385 863 538 904; x_wconf 83' lang='lat' dir='ltr'><strong>precum</strong></span> <span class='ocrx_word' id='word_1_67' title='bbox 549 854 760 902; x_wconf 80' lang='lat' dir='ltr'><strong>formulam</strong></span> <span class='ocrx_word' id='word_1_68' title='bbox 775 883 787 902; x_wconf 84' lang='lat'>‚</span> <span class='ocrx_word' id='word_1_69' title='bbox 816 866 939 904; x_wconf 90' lang='lat' dir='ltr'><strong>neque</strong></span> <span class='ocrx_word' id='word_1_70' title='bbox 962 857 1166 905; x_wconf 85' lang='lat' dir='ltr'>aptiorem,</span> <span class='ocrx_word' id='word_1_71' title='bbox 1190 868 1259 896; x_wconf 88' lang='lat' dir='ltr'><strong>nec</strong></span> 
     </span>
     <span class='ocr_line' id='line_1_11' title="bbox 144 919 1256 976; baseline 0.006 -17"><span class='ocrx_word' id='word_1_72' title='bbox 144 919 358 960; x_wconf 84' lang='lat' dir='ltr'>sanctiorem</span> <span class='ocrx_word' id='word_1_73' title='bbox 373 952 386 972; x_wconf 80' lang='lat'>‚</span> <span class='ocrx_word' id='word_1_74' title='bbox 409 932 614 972; x_wconf 85' lang='lat' dir='ltr'><strong>potuerunt</strong></span> <span class='ocrx_word' id='word_1_75' title='bbox 635 925 775 962; x_wconf 85' lang='lat' dir='ltr'><strong>tradere</strong></span> <span class='ocrx_word' id='word_1_76' title='bbox 802 919 1030 965; x_wconf 82' lang='lat' dir='ltr'><strong>Catechismi</strong></span> <span class='ocrx_word' id='word_1_77' title='bbox 1057 936 1227 966; x_wconf 87' lang='lat' dir='ltr'><strong>auctores</strong></span> <span class='ocrx_word' id='word_1_78' title='bbox 1243 957 1256 976; x_wconf 88' lang='lat'>‚</span> 
     </span>
     <span class='ocr_line' id='line_1_12' title="bbox 145 977 1253 1045; baseline 0.006 -16"><span class='ocrx_word' id='word_1_79' title='bbox 145 1003 253 1040; x_wconf 86' lang='lat' dir='ltr'><strong>quam</strong></span> <span class='ocrx_word' id='word_1_80' title='bbox 277 1004 371 1040; x_wconf 87' lang='lat' dir='ltr'><strong>quae</strong></span> <span class='ocrx_word' id='word_1_81' title='bbox 383 977 464 1031; x_wconf 84' lang='lat' dir='ltr'><strong>data</strong></span> <span class='ocrx_word' id='word_1_82' title='bbox 485 993 556 1032; x_wconf 89' lang='lat' dir='ltr'><strong>fuit</strong></span> <span class='ocrx_word' id='word_1_83' title='bbox 574 1006 593 1031; x_wconf 87' lang='lat' dir='ltr'><strong>a</strong></span> <span class='ocrx_word' id='word_1_84' title='bbox 618 995 772 1033; x_wconf 86' lang='lat' dir='ltr'><strong>coelesti</strong></span> <span class='ocrx_word' id='word_1_85' title='bbox 785 996 952 1034; x_wconf 86' lang='lat' dir='ltr'><strong>Doctore</strong></span> <span class='ocrx_word' id='word_1_86' title='bbox 973 997 1052 1036; x_wconf 88' lang='lat' dir='ltr'><strong>Iesu</strong></span> <span class='ocrx_word' id='word_1_87' title='bbox 1073 997 1253 1045; x_wconf 76' lang='lat' dir='ltr'><strong>Christo,</strong></span> 
     </span>
     <span class='ocr_line' id='line_1_13' title="bbox 143 1061 1252 1116; baseline 0.007 -17"><span class='ocrx_word' id='word_1_88' title='bbox 143 1061 388 1101; x_wconf 84' lang='lat' dir='ltr'><strong>referentibus</strong></span> <span class='ocrx_word' id='word_1_89' title='bbox 415 1064 608 1102; x_wconf 83' lang='lat' dir='ltr'><strong>Matthaeo</strong></span> <span class='ocrx_word' id='word_1_90' title='bbox 623 1092 634 1111; x_wconf 89' lang='lat'><strong>‚</strong></span> <span class='ocrx_word' id='word_1_91' title='bbox 652 1076 735 1113; x_wconf 88' lang='lat' dir='ltr'><strong>cap.</strong></span> <span class='ocrx_word' id='word_1_92' title='bbox 766 1065 836 1103; x_wconf 90' lang='lat' dir='ltr'><strong>VI.</strong></span> <span class='ocrx_word' id='word_1_93' title='bbox 856 1074 891 1103; x_wconf 90' lang='lat' dir='ltr'><strong>et</strong></span> <span class='ocrx_word' id='word_1_94' title='bbox 916 1066 1049 1112; x_wconf 74' lang='lat' dir='ltr'><strong>Luca,</strong></span> <span class='ocrx_word' id='word_1_95' title='bbox 1077 1080 1161 1116; x_wconf 86' lang='lat' dir='ltr'><strong>cap.</strong></span> <span class='ocrx_word' id='word_1_96' title='bbox 1185 1068 1252 1108; x_wconf 89' lang='lat' dir='ltr'><strong>XI.</strong></span> 
     </span>
     <span class='ocr_line' id='line_1_14' title="bbox 140 1131 1254 1186; baseline 0.005 -15"><span class='ocrx_word' id='word_1_97' title='bbox 140 1131 374 1182; x_wconf 86' lang='lat' dir='ltr'><strong>Quamquam</strong></span> <span class='ocrx_word' id='word_1_98' title='bbox 413 1132 508 1171; x_wconf 88' lang='lat' dir='ltr'><strong>enim</strong></span> <span class='ocrx_word' id='word_1_99' title='bbox 545 1146 671 1183; x_wconf 85' lang='lat' dir='ltr'><strong>preces</strong></span> <span class='ocrx_word' id='word_1_100' title='bbox 699 1135 779 1173; x_wconf 88' lang='lat' dir='ltr'><strong>illae</strong></span> <span class='ocrx_word' id='word_1_101' title='bbox 821 1136 975 1175; x_wconf 82' lang='lat' dir='ltr'><strong>maxime</strong></span> <span class='ocrx_word' id='word_1_102' title='bbox 1010 1147 1112 1176; x_wconf 84' lang='lat' dir='ltr'><strong>erant</strong></span> <span class='ocrx_word' id='word_1_103' title='bbox 1146 1147 1254 1186; x_wconf 86' lang='lat' dir='ltr'><strong>aptae</strong></span> 
     </span>
     <span class='ocr_line' id='line_1_15' title="bbox 137 1201 1252 1253; baseline 0.006 -13"><span class='ocrx_word' id='word_1_104' title='bbox 137 1201 331 1251; x_wconf 89' lang='lat' dir='ltr'><strong>discipulis</strong></span> <span class='ocrx_word' id='word_1_105' title='bbox 357 1204 400 1242; x_wconf 65' lang='lat' dir='ltr'><strong>ea</strong></span> <span class='ocrx_word' id='word_1_106' title='bbox 431 1212 549 1242; x_wconf 86' lang='lat' dir='ltr'><strong>aetate</strong></span> <span class='ocrx_word' id='word_1_107' title='bbox 586 1205 826 1253; x_wconf 87' lang='lat' dir='ltr'><strong>viventibus,</strong></span> <span class='ocrx_word' id='word_1_108' title='bbox 853 1216 921 1243; x_wconf 90' lang='lat' dir='ltr'><strong>nec</strong></span> <span class='ocrx_word' id='word_1_109' title='bbox 963 1207 1140 1247; x_wconf 88' lang='lat' dir='ltr'><strong>Christus</strong></span> <span class='ocrx_word' id='word_1_110' title='bbox 1174 1209 1252 1247; x_wconf 90' lang='lat' dir='ltr'><strong>ius-</strong></span> 
     </span>
     <span class='ocr_line' id='line_1_16' title="bbox 136 1271 1249 1326; baseline 0.006 -17"><span class='ocrx_word' id='word_1_111' title='bbox 136 1271 209 1319; x_wconf 86' lang='lat' dir='ltr'><strong>fit,</strong></span> <span class='ocrx_word' id='word_1_112' title='bbox 235 1281 299 1310; x_wconf 90' lang='lat' dir='ltr'><strong>aut</strong></span> <span class='ocrx_word' id='word_1_113' title='bbox 326 1273 467 1321; x_wconf 87' lang='lat' dir='ltr'><strong>legatos</strong></span> <span class='ocrx_word' id='word_1_114' title='bbox 496 1273 609 1321; x_wconf 82' lang='lat' dir='ltr'><strong>suos,</strong></span> <span class='ocrx_word' id='word_1_115' title='bbox 649 1284 712 1312; x_wconf 85' lang='lat' dir='ltr'><strong>aut</strong></span> <span class='ocrx_word' id='word_1_116' title='bbox 744 1286 995 1324; x_wconf 82' lang='lat' dir='ltr'><strong>quoscunque</strong></span> <span class='ocrx_word' id='word_1_117' title='bbox 1025 1276 1249 1326; x_wconf 84' lang='lat' dir='ltr'><strong>discipulos,</strong></span> 
     </span>
     <span class='ocr_line' id='line_1_17' title="bbox 135 1340 1246 1395; baseline 0.006 -16"><span class='ocrx_word' id='word_1_118' title='bbox 135 1340 341 1380; x_wconf 82' lang='lat' dir='ltr'><strong>constanter</strong></span> <span class='ocrx_word' id='word_1_119' title='bbox 372 1341 429 1379; x_wconf 89' lang='lat' dir='ltr'><strong>his</strong></span> <span class='ocrx_word' id='word_1_120' title='bbox 460 1341 546 1390; x_wconf 89' lang='lat' dir='ltr'><strong>ipfis</strong></span> <span class='ocrx_word' id='word_1_121' title='bbox 576 1342 702 1380; x_wconf 82' lang='lat' dir='ltr'><strong>verbis</strong></span> <span class='ocrx_word' id='word_1_122' title='bbox 732 1343 872 1382; x_wconf 88' lang='lat' dir='ltr'><strong>Patrem</strong></span> <span class='ocrx_word' id='word_1_123' title='bbox 897 1344 997 1383; x_wconf 88' lang='lat' dir='ltr'><strong>adire</strong></span> <span class='ocrx_word' id='word_1_124' title='bbox 1017 1348 1214 1386; x_wconf 89' lang='lat' dir='ltr'><strong>coelestem</strong></span> <span class='ocrx_word' id='word_1_125' title='bbox 1232 1377 1246 1395; x_wconf 83' lang='lat'>‚</span> 
     </span>
     <span class='ocr_line' id='line_1_18' title="bbox 133 1411 1248 1465; baseline 0.005 -17"><span class='ocrx_word' id='word_1_126' title='bbox 133 1411 226 1449; x_wconf 85' lang='lat' dir='ltr'><strong>nihil</strong></span> <span class='ocrx_word' id='word_1_127' title='bbox 251 1421 369 1450; x_wconf 83' lang='lat' dir='ltr'><strong>tamen</strong></span> <span class='ocrx_word' id='word_1_128' title='bbox 395 1412 790 1460; x_wconf 84' lang='lat' dir='ltr'><strong>impedit‚qu0minus</strong></span> <span class='ocrx_word' id='word_1_129' title='bbox 816 1414 854 1452; x_wconf 87' lang='lat' dir='ltr'><strong>in</strong></span> <span class='ocrx_word' id='word_1_130' title='bbox 879 1414 924 1453; x_wconf 90' lang='lat' dir='ltr'><strong>iis</strong></span> <span class='ocrx_word' id='word_1_131' title='bbox 950 1426 1115 1456; x_wconf 89' lang='lat' dir='ltr'><strong>normam</strong></span> <span class='ocrx_word' id='word_1_132' title='bbox 1133 1428 1248 1465; x_wconf 89' lang='lat' dir='ltr'><strong>agno-</strong></span> 
     </span>
     <span class='ocr_line' id='line_1_19' title="bbox 133 1480 1248 1530; baseline 0.005 -11"><span class='ocrx_word' id='word_1_133' title='bbox 133 1480 274 1520; x_wconf 85' lang='lat' dir='ltr'><strong>scamus</strong></span> <span class='ocrx_word' id='word_1_134' title='bbox 298 1482 393 1520; x_wconf 88' lang='lat' dir='ltr'><strong>bene</strong></span> <span class='ocrx_word' id='word_1_135' title='bbox 413 1484 611 1530; x_wconf 79' lang='lat' dir='ltr'><strong>precandi,</strong></span> <span class='ocrx_word' id='word_1_136' title='bbox 638 1483 866 1522; x_wconf 87' lang='lat' dir='ltr'><strong>Christianis</strong></span> <span class='ocrx_word' id='word_1_137' title='bbox 899 1486 1004 1523; x_wconf 84' lang='lat' dir='ltr'><strong>nullo</strong></span> <span class='ocrx_word' id='word_1_138' title='bbox 1043 1497 1119 1524; x_wconf 90' lang='lat' dir='ltr'><strong>non</strong></span> <span class='ocrx_word' id='word_1_139' title='bbox 1154 1496 1248 1527; x_wconf 89' lang='lat' dir='ltr'><strong>tem-</strong></span> 
     </span>
     <span class='ocr_line' id='line_1_20' title="bbox 128 1552 1245 1605; baseline 0.004 -15"><span class='ocrx_word' id='word_1_140' title='bbox 128 1552 478 1601; x_wconf 20' lang='lat' dir='ltr'><strong>»p01·e0utilem.(0)</strong></span> <span class='ocrx_word' id='word_1_141' title='bbox 505 1553 818 1602; x_wconf 81' lang='lat' dir='ltr'><strong>Quandoquidem</strong></span> <span class='ocrx_word' id='word_1_142' title='bbox 848 1563 994 1601; x_wconf 78' lang='lat' dir='ltr'><strong>autem,</strong></span> <span class='ocrx_word' id='word_1_143' title='bbox 1024 1555 1146 1605; x_wconf 81' lang='lat' dir='ltr'><strong>scripti</strong></span> <span class='ocrx_word' id='word_1_144' title='bbox 1171 1559 1245 1597; x_wconf 87' lang='lat' dir='ltr'><strong>Ca·</strong></span> 
     </span>
     <span class='ocr_line' id='line_1_21' title="bbox 1190 1638 1243 1668; baseline 0.038 -2"><span class='ocrx_word' id='word_1_145' title='bbox 1190 1638 1243 1668; x_wconf 84' lang='lat' dir='ltr'><strong>te-</strong></span> 
     </span>
    </p>
   </div>
   <div class='ocr_carea' id='block_1_3' title="bbox 121 1754 1241 2359">
    <p class='ocr_par' dir='ltr' id='par_1_3' title="bbox 121 1754 1241 2359">
     <span class='ocr_line' id='line_1_22' title="bbox 165 1754 1237 1795; baseline 0.004 -11"><span class='ocrx_word' id='word_1_146' title='bbox 165 1757 219 1795; x_wconf 82' lang='lat' dir='ltr'><strong>(n)</strong></span> <span class='ocrx_word' id='word_1_147' title='bbox 241 1755 336 1785; x_wconf 87' lang='lat' dir='ltr'><strong>Conf.</strong></span> <span class='ocrx_word' id='word_1_148' title='bbox 357 1756 436 1785; x_wconf 89' lang='lat' dir='ltr'><strong>ven.</strong></span> <span class='ocrx_word' id='word_1_149' title='bbox 457 1763 531 1783; x_wconf 73' lang='lat' dir='ltr'><strong>van</strong></span> <span class='ocrx_word' id='word_1_150' title='bbox 553 1754 639 1789; x_wconf 78' lang='lat' dir='ltr'><strong>Lis,</strong></span> <span class='ocrx_word' id='word_1_151' title='bbox 667 1756 780 1783; x_wconf 81' lang='lat' dir='ltr'><strong>Oratio</strong></span> <span class='ocrx_word' id='word_1_152' title='bbox 807 1758 839 1785; x_wconf 83' lang='lat' dir='ltr'><strong>S.</strong></span> <span class='ocrx_word' id='word_1_153' title='bbox 862 1757 1000 1792; x_wconf 78' lang='lat' dir='ltr'><strong>laudata,</strong></span> <span class='ocrx_word' id='word_1_154' title='bbox 1019 1766 1086 1793; x_wconf 81' lang='lat' dir='ltr'><strong>pag.</strong></span> <span class='ocrx_word' id='word_1_155' title='bbox 1110 1761 1237 1795; x_wconf 73' lang='lat'><strong>86-—930</strong></span> 
     </span>
     <span class='ocr_line' id='line_1_23' title="bbox 125 1810 1235 1851; baseline 0 -7"><span class='ocrx_word' id='word_1_156' title='bbox 125 1823 156 1844; x_wconf 75' lang='lat' dir='ltr'><strong>et</strong></span> <span class='ocrx_word' id='word_1_157' title='bbox 177 1815 270 1842; x_wconf 88' lang='lat' dir='ltr'><strong>Doct.</strong></span> <span class='ocrx_word' id='word_1_158' title='bbox 294 1810 456 1842; x_wconf 83' lang='lat' dir='ltr'><strong>Broesii</strong></span> <span class='ocrx_word' id='word_1_159' title='bbox 476 1811 556 1840; x_wconf 84' lang='lat' dir='ltr'><strong>dicta</strong></span> <span class='ocrx_word' id='word_1_160' title='bbox 578 1811 608 1839; x_wconf 88' lang='lat' dir='ltr'><strong>in</strong></span> <span class='ocrx_word' id='word_1_161' title='bbox 629 1813 710 1839; x_wconf 78' lang='lat' dir='ltr'><em>libro</em></span> <span class='ocrx_word' id='word_1_162' title='bbox 728 1812 875 1846; x_wconf 78' lang='lat' dir='ltr'><strong>menstruo</strong></span> <span class='ocrx_word' id='word_1_163' title='bbox 894 1814 973 1842; x_wconf 84' lang='lat' dir='ltr'><strong>laud.</strong></span> <span class='ocrx_word' id='word_1_164' title='bbox 991 1822 1059 1850; x_wconf 82' lang='lat' dir='ltr'><strong>pag.</strong></span> <span class='ocrx_word' id='word_1_165' title='bbox 1078 1823 1129 1851; x_wconf 75' lang='lat'><strong>291</strong></span> <span class='ocrx_word' id='word_1_166' title='bbox 1144 1836 1153 1850; x_wconf 84' lang='lat'><strong>,</strong></span> <span class='ocrx_word' id='word_1_167' title='bbox 1168 1823 1235 1851; x_wconf 74' lang='lat'>292.</span> 
     </span>
     <span class='ocr_line' id='line_1_24' title="bbox 163 1868 1236 1901; baseline 0.002 -2"><span class='ocrx_word' id='word_1_168' title='bbox 163 1874 214 1901; x_wconf 75' lang='grc' dir='ltr'><strong>(ο)</strong></span> <span class='ocrx_word' id='word_1_169' title='bbox 233 1870 327 1900; x_wconf 77' lang='lat' dir='ltr'><strong>ConF.</strong></span> <span class='ocrx_word' id='word_1_170' title='bbox 350 1872 399 1899; x_wconf 78' lang='lat' dir='ltr'><strong>Ue</strong></span> <span class='ocrx_word' id='word_1_171' title='bbox 412 1877 474 1898; x_wconf 85' lang='lat' dir='ltr'><strong>rm.</strong></span> <span class='ocrx_word' id='word_1_172' title='bbox 497 1868 642 1898; x_wconf 86' lang='lat' dir='ltr'><strong>Witsii</strong></span> <span class='ocrx_word' id='word_1_173' title='bbox 663 1869 778 1898; x_wconf 73' lang='lat' dir='ltr'><strong>Exere.</strong></span> <span class='ocrx_word' id='word_1_174' title='bbox 798 1871 852 1899; x_wconf 82' lang='lat' dir='ltr'><strong>VI.</strong></span> <span class='ocrx_word' id='word_1_175' title='bbox 882 1871 916 1899; x_wconf 81' lang='lat' dir='ltr'><strong>de</strong></span> <span class='ocrx_word' id='word_1_176' title='bbox 937 1872 1086 1900; x_wconf 77' lang='lat' dir='ltr'><strong>Oratione</strong></span> <span class='ocrx_word' id='word_1_177' title='bbox 1105 1873 1236 1901; x_wconf 75' lang='lat' dir='ltr'><strong>domini—</strong></span> 
     </span>
     <span class='ocr_line' id='line_1_25' title="bbox 125 1926 1237 1965; baseline -0.001 -7"><span class='ocrx_word' id='word_1_178' title='bbox 125 1939 171 1960; x_wconf 78' lang='lat' dir='ltr'><strong>m.</strong></span> <span class='ocrx_word' id='word_1_179' title='bbox 194 1929 308 1965; x_wconf 80' lang='lat' dir='ltr'><strong>Joan.</strong></span> <span class='ocrx_word' id='word_1_180' title='bbox 328 1926 557 1961; x_wconf 79' lang='lat' dir='ltr'><strong>Drieberge</strong></span> <span class='ocrx_word' id='word_1_181' title='bbox 572 1946 582 1961; x_wconf 90' lang='lat'>‚</span> <span class='ocrx_word' id='word_1_182' title='bbox 607 1927 706 1956; x_wconf 76' lang='lat' dir='ltr'><strong>Zeven</strong></span> <span class='ocrx_word' id='word_1_183' title='bbox 726 1927 958 1964; x_wconf 65' lang='lat' dir='ltr'><strong>Predikactfien</strong></span> <span class='ocrx_word' id='word_1_184' title='bbox 976 1938 1046 1957; x_wconf 76' lang='lat' dir='ltr'><strong>ovar</strong></span> <span class='ocrx_word' id='word_1_185' title='bbox 1062 1929 1114 1957; x_wconf 75' lang='lat' dir='ltr'><strong>het</strong></span> <span class='ocrx_word' id='word_1_186' title='bbox 1136 1931 1237 1958; x_wconf 75' lang='lat' dir='ltr'><strong>Gebed</strong></span> 
     </span>
     <span class='ocr_line' id='line_1_26' title="bbox 122 1984 1241 2020; baseline 0 -5"><span class='ocrx_word' id='word_1_187' title='bbox 122 1988 170 2015; x_wconf 79' lang='lat' dir='ltr'><strong>des</strong></span> <span class='ocrx_word' id='word_1_188' title='bbox 198 1987 331 2014; x_wconf 76' lang='lat' dir='ltr'><strong>Heeren.</strong></span> <span class='ocrx_word' id='word_1_189' title='bbox 353 1984 444 2013; x_wconf 83' lang='lat' dir='ltr'><strong>Amst.</strong></span> <span class='ocrx_word' id='word_1_190' title='bbox 478 1991 561 2020; x_wconf 80' lang='lat'>¹742·</span> <span class='ocrx_word' id='word_1_191' title='bbox 594 1985 814 2017; x_wconf 74' lang='lat' dir='ltr'><strong>10.Ge0rg.</strong></span> <span class='ocrx_word' id='word_1_192' title='bbox 849 1986 1025 2015; x_wconf 85' lang='lat' dir='ltr'><strong>Walchii</strong></span> <span class='ocrx_word' id='word_1_193' title='bbox 1064 1987 1241 2016; x_wconf 76' lang='lat' dir='ltr'><strong>Exercita-·</strong></span> 
     </span>
     <span class='ocr_line' id='line_1_27' title="bbox 123 2042 1233 2080; baseline 0.001 -9"><span class='ocrx_word' id='word_1_194' title='bbox 123 2045 184 2080; x_wconf 72' lang='grc' dir='ltr'><strong>εἰσ,</strong></span> <span class='ocrx_word' id='word_1_195' title='bbox 208 2043 242 2071; x_wconf 76' lang='lat' dir='ltr'><strong>de</strong></span> <span class='ocrx_word' id='word_1_196' title='bbox 260 2043 314 2079; x_wconf 82' lang='lat' dir='ltr'><strong>usu</strong></span> <span class='ocrx_word' id='word_1_197' title='bbox 339 2042 495 2070; x_wconf 76' lang='lat' dir='ltr'><strong>orationis.</strong></span> <span class='ocrx_word' id='word_1_198' title='bbox 515 2042 685 2070; x_wconf 75' lang='lat' dir='ltr'><strong>domim’cae</strong></span> <span class='ocrx_word' id='word_1_199' title='bbox 711 2042 792 2078; x_wconf 81' lang='lat' dir='ltr'><strong>apud</strong></span> <span class='ocrx_word' id='word_1_200' title='bbox 819 2048 936 2070; x_wconf 70' lang='lat' dir='ltr'><strong>veteres</strong></span> <span class='ocrx_word' id='word_1_201' title='bbox 959 2044 1173 2079; x_wconf 54' lang='lat' dir='ltr'><strong>Christianos,</strong></span> <span class='ocrx_word' id='word_1_202' title='bbox 1201 2046 1233 2074; x_wconf 84' lang='lat' dir='ltr'><strong>in</strong></span> 
     </span>
     <span class='ocr_line' id='line_1_28' title="bbox 123 2099 1230 2138; baseline 0 -8"><span class='ocrx_word' id='word_1_203' title='bbox 123 2102 337 2130; x_wconf 70' lang='lat' dir='ltr'><strong>miscellaneis</strong></span> <span class='ocrx_word' id='word_1_204' title='bbox 359 2102 391 2128; x_wconf 87' lang='lat' dir='ltr'><strong>S.</strong></span> <span class='ocrx_word' id='word_1_205' title='bbox 416 2099 510 2129; x_wconf 86' lang='lat' dir='ltr'><strong>Amst.</strong></span> <span class='ocrx_word' id='word_1_206' title='bbox 531 2106 617 2136; x_wconf 79' lang='lat'>1744.</span> <span class='ocrx_word' id='word_1_207' title='bbox 637 2105 708 2134; x_wconf 77' lang='lat' dir='ltr'><strong>pag.</strong></span> <span class='ocrx_word' id='word_1_208' title='bbox 733 2103 865 2133; x_wconf 71' lang='lat'>58—80.</span> <span class='ocrx_word' id='word_1_209' title='bbox 888 2100 1014 2129; x_wconf 84' lang='lat' dir='ltr'><strong>Herm.</strong></span> <span class='ocrx_word' id='word_1_210' title='bbox 1039 2102 1230 2138; x_wconf 80' lang='lat' dir='ltr'><strong>Venema,</strong></span> 
     </span>
     <span class='ocr_line' id='line_1_29' title="bbox 121 2156 1227 2195; baseline -0.001 -7"><span class='ocrx_word' id='word_1_211' title='bbox 121 2160 154 2188; x_wconf 71' lang='lat' dir='ltr'><strong>aa</strong></span> <span class='ocrx_word' id='word_1_212' title='bbox 187 2168 269 2186; x_wconf 81' lang='lat' dir='ltr'><strong>ware</strong></span> <span class='ocrx_word' id='word_1_213' title='bbox 309 2156 500 2191; x_wconf 72' lang='lat' dir='ltr'><strong>Christelyke</strong></span> <span class='ocrx_word' id='word_1_214' title='bbox 533 2157 658 2192; x_wconf 73' lang='lat' dir='ltr'><strong>Religie</strong></span> <span class='ocrx_word' id='word_1_215' title='bbox 695 2157 879 2184; x_wconf 71' lang='lat' dir='ltr'><strong>onderzaclzt</strong></span> <span class='ocrx_word' id='word_1_216' title='bbox 912 2165 946 2184; x_wconf 80' lang='lat' dir='ltr'><strong>en</strong></span> <span class='ocrx_word' id='word_1_217' title='bbox 974 2161 1150 2195; x_wconf 72' lang='lat' dir='ltr'><strong>nagespoort</strong></span> <span class='ocrx_word' id='word_1_218' title='bbox 1177 2162 1227 2187; x_wconf 75' lang='lat' dir='ltr'><strong>uit</strong></span> 
     </span>
     <span class='ocr_line' id='line_1_30' title="bbox 121 2215 1229 2250; baseline 0 -6"><span class='ocrx_word' id='word_1_219' title='bbox 121 2218 237 2245; x_wconf 72' lang='lat' dir='ltr'><strong>Mai-th.</strong></span> <span class='ocrx_word' id='word_1_220' title='bbox 260 2217 393 2245; x_wconf 74' lang='lat' dir='ltr'><strong>v-viL</strong></span> <span class='ocrx_word' id='word_1_221' title='bbox 419 2217 491 2245; x_wconf 79' lang='lat' dir='ltr'>Vol.</span> <span class='ocrx_word' id='word_1_222' title='bbox 515 2216 605 2250; x_wconf 55' lang='lat' dir='ltr'><strong>nvp.</strong></span> <span class='ocrx_word' id='word_1_223' title='bbox 628 2221 792 2250; x_wconf 74' lang='lat'><strong>223-451.</strong></span> <span class='ocrx_word' id='word_1_224' title='bbox 821 2215 918 2250; x_wconf 80' lang='lat' dir='ltr'><strong>Jean</strong></span> <span class='ocrx_word' id='word_1_225' title='bbox 949 2215 1114 2248; x_wconf 81' lang='lat' dir='ltr'><strong>Scipion</strong></span> <span class='ocrx_word' id='word_1_226' title='bbox 1138 2217 1229 2244; x_wconf 83' lang='lat' dir='ltr'><strong>Ver·</strong></span> 
     </span>
     <span class='ocr_line' id='line_1_31' title="bbox 122 2271 1222 2310; baseline -0.003 -9"><span class='ocrx_word' id='word_1_227' title='bbox 122 2277 219 2302; x_wconf 69' lang='lat' dir='ltr'><strong>neue</strong></span> <span class='ocrx_word' id='word_1_228' title='bbox 238 2295 244 2307; x_wconf 78' lang='grc'>,</span> <span class='ocrx_word' id='word_1_229' title='bbox 290 2274 497 2302; x_wconf 63' lang='grc' dir='ltr'><strong>ζεῐγνεᾶεηεη</strong></span> <span class='ocrx_word' id='word_1_230' title='bbox 534 2282 603 2301; x_wconf 71' lang='lat' dir='ltr'><strong>over</strong></span> <span class='ocrx_word' id='word_1_231' title='bbox 643 2273 676 2300; x_wconf 79' lang='lat' dir='ltr'><strong>de</strong></span> <span class='ocrx_word' id='word_1_232' title='bbox 714 2271 974 2306; x_wconf 66' lang='lat' dir='ltr'><strong>Bergpredikatie</strong></span> <span class='ocrx_word' id='word_1_233' title='bbox 1017 2282 1073 2301; x_wconf 63' lang='lat' dir='ltr'><strong>rem</strong></span> <span class='ocrx_word' id='word_1_234' title='bbox 1115 2274 1152 2310; x_wconf 81' lang='lat' dir='ltr'><strong>J.</strong></span> <span class='ocrx_word' id='word_1_235' title='bbox 1192 2276 1222 2301; x_wconf 88' lang='lat' dir='ltr'><strong>C.</strong></span> 
     </span>
     <span class='ocr_line' id='line_1_32' title="bbox 1150 2332 1220 2359; baseline 0.014 -2"><span class='ocrx_word' id='word_1_236' title='bbox 1150 2332 1220 2359; x_wconf 68' lang='lat' dir='ltr'><strong>vul.</strong></span> 
     </span>
    </p>
   </div>
  </div>
 </body>
</html>
