1544 2693
405 145 1000 190 THEOLOGICA.
1207 154 1254 200 87

151 252 328 292 consueto
357 254 562 303 diversum,
593 259 796 296 tradentes:
826 258 971 296 illorum
1000 260 1113 308 igitur
1141 260 1191 297 ira
1220 270 1255 297 et

149 323 354 373 indignatio
375 326 552 364 avertitur
582 329 626 365 ab
666 329 1022 376 obtemperantibus.
1078 331 1170 368 Non
1195 331 1257 367 de·

148 392 233 436 sunt
264 395 349 443 alii,
376 396 420 433 ab
450 396 551 434 omni
571 396 758 445 systemate
789 397 928 446 aversi,
977 399 1189 437 damnantes
1216 394 1254 437 et

148 462 357 512 spernentes
389 466 613 505 I-Iomiletam
650 469 747 507 ultro
783 469 815 505 ei
848 481 993 517 operam
1018 471 1187 514 dantem;
1217 470 1257 507 hi

146 543 267 573 tamen
315 537 462 575 laudant
510 538 629 575 virum
678 539 836 586 probum
887 541 958 587 legi
1009 539 1255 578 obedientem.

146 606 347 645 Doctrinae
385 607 616 646 Christianae
655 609 773 656 capita
811 609 871 647 alii
918 610 1064 657 placent
1100 608 1259 647 homini·

148 675 247 724 bus,
285 678 354 716 alia
379 677 590 726 displicent.
659 678 736 716 Alii
776 679 893 725 haec,
933 679 994 716 alii
1039 679 1099 717 illa
1133 680 1259 717 audire

151 747 306 784 malunt.
359 747 505 784 Nostro
549 756 669 785 autem
709 747 877 786 instituto
917 749 981 795 fit,
1031 758 1072 787 ut
1110 749 1260 797 utrique

149 815 321 863 audiant,
366 827 461 863 quae
487 826 615 854 aveant
655 819 809 866 audire,
846 831 912 857 nec
948 821 1104 857 moleste
1142 820 1260 858 ferant

149 885 371 933 Oratorem,
411 888 491 936 lege
536 887 687 925 iubente
726 889 847 927 minus
886 890 1068 937 placentia
1104 899 1261 927 tractan-

148 963 237 994 tem.
290 956 412 994 Facile
453 957 491 994 in
530 957 993 1000 offenfionemincurrunt
1023 961 1260 1007 I-Iomiletae‚

151 1025 217 1072 qui
254 1038 390 1074 pravos
412 1027 602 1066 hominum
638 1040 759 1066 mores
785 1029 1129 1078 perversitatemque
1160 1031 1263 1079 inge-

151 1095 205 1132 nii
253 1105 289 1133 et
317 1097 430 1134 animi
468 1098 745 1147 perstringunt:
785 1100 934 1148 plurimi
971 1101 1034 1138 vix
1073 1102 1262 1138 toleraturi

150 1165 268 1204 essent
299 1169 499 1205 Ductorem
518 1197 529 1215 ‚
558 1169 688 1216 sponte
711 1179 746 1206 et
767 1170 811 1206 de
847 1170 1025 1215 industria
1063 1171 1276 1220 quotannis.

149 1248 221 1284 pro
242 1238 423 1276 concione
443 1238 623 1278 dicentem
638 1267 650 1285 ,
667 1241 712 1277 de
736 1239 865 1277 officiis
892 1239 1075 1287 iustitiae,
1101 1241 1263 1287 aequita-

149 1306 222 1353 tis,
267 1307 533 1354 humanitatis,
572 1308 801 1357 pudicitiae,
843 1310 1081 1357 veracitatis,
1119 1312 1164 1358 de
1186 1310 1261 1358 iis,

152 1387 245 1423 quae
274 1378 452 1426 coniuges
479 1378 545 1416 fibi
580 1379 734 1418 invicem
751 1408 763 1426 ‚
794 1392 886 1427 quae
913 1391 1083 1429 patentes
1108 1381 1260 1427 liberis,

150 1445 254 1484 liberi
287 1447 503 1494 parentibus
537 1449 701 1496 debent,
743 1451 786 1487 de
826 1450 1086 1497 iureiurando,
1122 1453 1169 1490 de⁴
1205 1452 1265 1489 die

150 1517 336 1570 dominico
363 1517 606 1565 celebrando,
634 1519 679 1556 de
703 1519 962 1568 superstitione
999 1530 1034 1557 et
1064 1520 1263 1558 fimulatio·

151 1597 197 1623 ne
231 1585 408 1636 fugienda
429 1615 442 1633 2
492 1588 560 1631 alia
593 1600 640 1626 ne
669 1601 967 1628 commemorem.
1021 1576 1267 1640 Quandoqniss

151 1658 230 1696 dem
270 1669 359 1694 vero
382 1659 440 1695 lex
460 1658 709 1696 necessitatem
742 1660 854 1697 huius
878 1672 986 1703 curae
1011 1671 1046 1698 et
1068 1660 1264 1698 industriae

149 1727 306 1766 Doctori
345 1728 528 1776 imponit,
582 1730 693 1768 huius
739 1729 882 1777 generis
922 1730 1191 1775 admonitiones
1227 1740 1260 1770 et

150 1797 378 1835 hortationes
407 1798 480 1836 fine
508 1797 709 1837 offenfione
736 1799 853 1847 accipi
889 1800 1026 1838 solent.
1080 1800 1260 1847 Magnum

150 1877 335 1916 praeterea
360 1868 429 1906 erit
469 1869 673 1917 periculum
693 1898 705 1916 ,
733 1882 779 1907 ne
804 1870 860 1911 exi
870 1869 967 1915 stant·
995 1869 1225 1918 suspiciones
1248 1899 1260 1916 ‚

153 1936 312 1986 offensa,
355 1940 463 1985 odia,
501 1939 710 1987 praesertin]
748 1941 785 1977 in
821 1940 989 1982 coetibus
1027 1941 1195 1988 exiguis,
1236 1941 1262 1979 fi

89 2028 90 2032 =
151 2008 340 2046 Homileta
374 2009 582 2049 identidem>
607 2022 626 2047 e
668 2011 840 2059 suggesto
874 2010 984 2049 sacro
1009 2011 1269 2052 deindustrja:

156 2076 321 2126 increpet
348 2078 536 2125 iniustos,
575 2080 724 2127 iniquos
743 2110 760 2127 ‚a
788 2082 987 2123 iracundos
1002 2109 1022 2127 ,,
1042 2082 1262 2128 maledicos,

155 2157 308 2195 avaros,
347 2149 584 2197 luxuriosos,
613 2152 824 2199 adulteros,
864 2152 1089 2199 impudicos.
1132 2152 1265 2190 -Nunc

158 2226 246 2254 vero
289 2227 459 2257 coetuum
507 2220 669 2259 omnium
709 2220 794 2260 socii
834 2222 883 2259 ita
912 2221 1097 2263 ¹instituto
1137 2230 1270 2259 nostro

1179 2299 1267 2328 sunt
