<?xml version="1.0" encoding="UTF-8"?>
<!DOCTYPE html PUBLIC "-//W3C//DTD XHTML 1.0 Transitional//EN"
    "http://www.w3.org/TR/xhtml1/DTD/xhtml1-transitional.dtd">
<html xmlns="http://www.w3.org/1999/xhtml" xml:lang="en" lang="en">
 <head>
  <title>
</title>
<meta http-equiv="Content-Type" content="text/html;charset=utf-8" />
  <meta name='ocr-system' content='tesseract 3.04.00' />
  <meta name='ocr-capabilities' content='ocr_page ocr_carea ocr_par ocr_line ocrx_word'/>
</head>
<body>
  <div class='ocr_page' id='page_1' title='image "annalesacademiae34rhen_0215.png"; bbox 0 0 1544 2693; ppageno 0'>
   <div class='ocr_carea' id='block_1_1' title="bbox 0 1897 27 2693">
    <p class='ocr_par' dir='ltr' id='par_1_1' title="bbox 0 1897 27 2693">
     <span class='ocr_line' id='line_1_1' title="bbox 0 1897 27 2693; baseline 0 0"><span class='ocrx_word' id='word_1_1' title='bbox 0 1897 27 2693; x_wconf 95' lang='lat' dir='ltr'> </span> 
     </span>
    </p>
   </div>
   <div class='ocr_carea' id='block_1_2' title="bbox 417 172 1265 214">
    <p class='ocr_par' dir='ltr' id='par_1_2' title="bbox 417 172 1265 214">
     <span class='ocr_line' id='line_1_2' title="bbox 417 172 1265 214; baseline 0.002 -2"><span class='ocrx_word' id='word_1_2' title='bbox 417 172 1013 212; x_wconf 78' lang='lat' dir='ltr'><strong>THEOLOGICA.</strong></span> <span class='ocrx_word' id='word_1_3' title='bbox 1218 178 1265 214; x_wconf 88' lang='lat'>91</span> 
     </span>
    </p>
   </div>
   <div class='ocr_carea' id='block_1_3' title="bbox 161 280 1301 2017">
    <p class='ocr_par' dir='ltr' id='par_1_3' title="bbox 161 280 1301 2017">
     <span class='ocr_line' id='line_1_3' title="bbox 162 280 1268 335; baseline -0.007 -10"><span class='ocrx_word' id='word_1_4' title='bbox 162 296 258 335; x_wconf 85' lang='lat' dir='ltr'>quae</span> <span class='ocrx_word' id='word_1_5' title='bbox 285 285 353 324; x_wconf 86' lang='lat' dir='ltr'>fibi</span> <span class='ocrx_word' id='word_1_6' title='bbox 383 284 576 322; x_wconf 86' lang='lat' dir='ltr'>videantur</span> <span class='ocrx_word' id='word_1_7' title='bbox 598 281 753 320; x_wconf 83' lang='lat' dir='ltr'>maxime</span> <span class='ocrx_word' id='word_1_8' title='bbox 787 280 942 318; x_wconf 81' lang='lat' dir='ltr'>salubria</span> <span class='ocrx_word' id='word_1_9' title='bbox 976 287 1014 317; x_wconf 91' lang='lat' dir='ltr'>et</span> <span class='ocrx_word' id='word_1_10' title='bbox 1039 285 1268 327; x_wconf 86' lang='lat' dir='ltr'>opportuna.</span> 
     </span>
     <span class='ocr_line' id='line_1_4' title="bbox 161 349 1273 401; baseline -0.007 -7"><span class='ocrx_word' id='word_1_11' title='bbox 161 356 299 394; x_wconf 86' lang='lat' dir='ltr'>Verum</span> <span class='ocrx_word' id='word_1_12' title='bbox 318 382 330 401; x_wconf 86' lang='lat'>‚</span> <span class='ocrx_word' id='word_1_13' title='bbox 365 353 389 392; x_wconf 87' lang='lat' dir='ltr'><strong>fi</strong></span> <span class='ocrx_word' id='word_1_14' title='bbox 423 355 510 391; x_wconf 86' lang='lat' dir='ltr'>haec</span> <span class='ocrx_word' id='word_1_15' title='bbox 536 351 748 390; x_wconf 73' lang='lat' dir='ltr'>‚criminatio</span> <span class='ocrx_word' id='word_1_16' title='bbox 775 350 868 389; x_wconf 86' lang='lat' dir='ltr'>esset</span> <span class='ocrx_word' id='word_1_17' title='bbox 889 351 986 388; x_wconf 85' lang='lat' dir='ltr'>iusta</span> <span class='ocrx_word' id='word_1_18' title='bbox 1003 378 1015 397; x_wconf 85' lang='lat'><em>‚</em></span> <span class='ocrx_word' id='word_1_19' title='bbox 1040 349 1168 388; x_wconf 87' lang='lat' dir='ltr'>nullus</span> <span class='ocrx_word' id='word_1_20' title='bbox 1199 360 1273 386; x_wconf 84' lang='lat' dir='ltr'>am·</span> 
     </span>
     <span class='ocr_line' id='line_1_5' title="bbox 161 421 1276 475; baseline -0.007 -11"><span class='ocrx_word' id='word_1_21' title='bbox 161 426 284 475; x_wconf 81' lang='lat' dir='ltr'>plius,</span> <span class='ocrx_word' id='word_1_22' title='bbox 313 434 376 463; x_wconf 89' lang='lat' dir='ltr'>aut</span> <span class='ocrx_word' id='word_1_23' title='bbox 402 425 575 472; x_wconf 84' lang='lat' dir='ltr'>legibus,</span> <span class='ocrx_word' id='word_1_24' title='bbox 605 432 669 460; x_wconf 87' lang='lat' dir='ltr'>aut</span> <span class='ocrx_word' id='word_1_25' title='bbox 699 423 814 471; x_wconf 79' lang='lat' dir='ltr'>pactis</span> <span class='ocrx_word' id='word_1_26' title='bbox 837 450 850 468; x_wconf 76' lang='lat'>‚</span> <span class='ocrx_word' id='word_1_27' title='bbox 876 422 1031 460; x_wconf 87' lang='lat' dir='ltr'>idoneus</span> <span class='ocrx_word' id='word_1_28' title='bbox 1066 421 1276 468; x_wconf 86' lang='lat' dir='ltr'>relinquen-</span> 
     </span>
     <span class='ocr_line' id='line_1_6' title="bbox 165 492 1278 541; baseline -0.004 -7"><span class='ocrx_word' id='word_1_29' title='bbox 165 497 236 534; x_wconf 91' lang='lat' dir='ltr'>dus</span> <span class='ocrx_word' id='word_1_30' title='bbox 260 494 358 532; x_wconf 88' lang='lat' dir='ltr'>foret</span> <span class='ocrx_word' id='word_1_31' title='bbox 396 495 528 532; x_wconf 76' lang='lat' dir='ltr'>locus:</span> <span class='ocrx_word' id='word_1_32' title='bbox 558 495 658 532; x_wconf 89' lang='lat' dir='ltr'>nulla</span> <span class='ocrx_word' id='word_1_33' title='bbox 681 494 809 541; x_wconf 85' lang='lat' dir='ltr'>agendi</span> <span class='ocrx_word' id='word_1_34' title='bbox 835 504 988 539; x_wconf 87' lang='lat' dir='ltr'>norma,</span> <span class='ocrx_word' id='word_1_35' title='bbox 1018 493 1118 529; x_wconf 86' lang='lat' dir='ltr'>nulla</span> <span class='ocrx_word' id='word_1_36' title='bbox 1151 492 1278 539; x_wconf 87' lang='lat' dir='ltr'>regula</span> 
     </span>
     <span class='ocr_line' id='line_1_7' title="bbox 166 562 1277 613; baseline -0.005 -9"><span class='ocrx_word' id='word_1_37' title='bbox 166 565 242 604; x_wconf 88' lang='lat' dir='ltr'>fine</span> <span class='ocrx_word' id='word_1_38' title='bbox 264 565 397 603; x_wconf 67' lang='lat' dir='ltr'>iniuria</span> <span class='ocrx_word' id='word_1_39' title='bbox 420 563 617 613; x_wconf 87' lang='lat' dir='ltr'>praescribi</span> <span class='ocrx_word' id='word_1_40' title='bbox 645 563 785 612; x_wconf 86' lang='lat' dir='ltr'>posset.</span> <span class='ocrx_word' id='word_1_41' title='bbox 825 563 939 613; x_wconf 86' lang='lat' dir='ltr'>Quod</span> <span class='ocrx_word' id='word_1_42' title='bbox 966 574 1077 610; x_wconf 86' lang='lat' dir='ltr'>quam</span> <span class='ocrx_word' id='word_1_43' title='bbox 1089 562 1186 601; x_wconf 88' lang='lat' dir='ltr'>foret</span> <span class='ocrx_word' id='word_1_44' title='bbox 1206 563 1277 600; x_wconf 91' lang='lat' dir='ltr'>ini-</span> 
     </span>
     <span class='ocr_line' id='line_1_8' title="bbox 169 632 1283 683; baseline -0.004 -10"><span class='ocrx_word' id='word_1_45' title='bbox 169 646 283 683; x_wconf 91' lang='lat' dir='ltr'>quum</span> <span class='ocrx_word' id='word_1_46' title='bbox 321 644 357 673; x_wconf 90' lang='lat' dir='ltr'>et</span> <span class='ocrx_word' id='word_1_47' title='bbox 389 635 664 683; x_wconf 83' lang='lat' dir='ltr'>perniciosum,</span> <span class='ocrx_word' id='word_1_48' title='bbox 712 645 820 670; x_wconf 85' lang='lat' dir='ltr'>nemo</span> <span class='ocrx_word' id='word_1_49' title='bbox 857 644 934 670; x_wconf 92' lang='lat' dir='ltr'>non</span> <span class='ocrx_word' id='word_1_50' title='bbox 965 632 1151 681; x_wconf 83' lang='lat' dir='ltr'>intelligit.</span> <span class='ocrx_word' id='word_1_51' title='bbox 1205 632 1283 681; x_wconf 79' lang='lat' dir='ltr'>Qui</span> 
     </span>
     <span class='ocr_line' id='line_1_9' title="bbox 171 697 1284 750; baseline -0.003 -8"><span class='ocrx_word' id='word_1_52' title='bbox 171 706 378 743; x_wconf 90' lang='lat' dir='ltr'>Doctorum</span> <span class='ocrx_word' id='word_1_53' title='bbox 416 716 550 742; x_wconf 85' lang='lat' dir='ltr'>munus</span> <span class='ocrx_word' id='word_1_54' title='bbox 571 704 609 742; x_wconf 93' lang='lat' dir='ltr'>in</span> <span class='ocrx_word' id='word_1_55' title='bbox 638 703 804 742; x_wconf 59' lang='lat' dir='ltr'>Ecclesia</span> <span class='ocrx_word' id='word_1_56' title='bbox 832 706 961 741; x_wconf 68' lang='lat' dir='ltr'>nostra</span> <span class='ocrx_word' id='word_1_57' title='bbox 981 697 1216 750; x_wconf 76' lang='lat' dir='ltr'>suscipiunt,</span> <span class='ocrx_word' id='word_1_58' title='bbox 1245 703 1284 740; x_wconf 91' lang='lat' dir='ltr'>id</span> 
     </span>
     <span class='ocr_line' id='line_1_10' title="bbox 168 772 1284 822; baseline -0.002 -10"><span class='ocrx_word' id='word_1_59' title='bbox 168 774 232 813; x_wconf 67' lang='lat' dir='ltr'>sua</span> <span class='ocrx_word' id='word_1_60' title='bbox 255 774 387 822; x_wconf 86' lang='lat' dir='ltr'>sponte</span> <span class='ocrx_word' id='word_1_61' title='bbox 403 802 415 819; x_wconf 87' lang='lat'><strong>‚</strong></span> <span class='ocrx_word' id='word_1_62' title='bbox 442 774 545 810; x_wconf 61' lang='lat' dir='ltr'>nulla</span> <span class='ocrx_word' id='word_1_63' title='bbox 571 772 754 811; x_wconf 86' lang='lat' dir='ltr'>Ecclefiae</span> <span class='ocrx_word' id='word_1_64' title='bbox 780 775 861 821; x_wconf 84' lang='lat' dir='ltr'>lege</span> <span class='ocrx_word' id='word_1_65' title='bbox 889 772 977 811; x_wconf 88' lang='lat' dir='ltr'>iusfi</span> <span class='ocrx_word' id='word_1_66' title='bbox 993 802 1005 819; x_wconf 90' lang='lat'>‚</span> <span class='ocrx_word' id='word_1_67' title='bbox 1032 775 1136 812; x_wconf 64' lang='lat' dir='ltr'>nullst</span> <span class='ocrx_word' id='word_1_68' title='bbox 1155 782 1284 810; x_wconf 87' lang='lat' dir='ltr'>aucto-</span> 
     </span>
     <span class='ocr_line' id='line_1_11' title="bbox 168 842 1282 892; baseline 0.001 -13"><span class='ocrx_word' id='word_1_69' title='bbox 168 843 275 880; x_wconf 83' lang='lat' dir='ltr'>ritate</span> <span class='ocrx_word' id='word_1_70' title='bbox 303 842 467 889; x_wconf 80' lang='lat' dir='ltr'>inducti,</span> <span class='ocrx_word' id='word_1_71' title='bbox 497 843 696 892; x_wconf 85' lang='lat' dir='ltr'>recipiunt.</span> <span class='ocrx_word' id='word_1_72' title='bbox 750 843 911 890; x_wconf 85' lang='lat' dir='ltr'>Sciunt,</span> <span class='ocrx_word' id='word_1_73' title='bbox 939 846 1013 891; x_wconf 69' lang='lat' dir='ltr'>quii</span> <span class='ocrx_word' id='word_1_74' title='bbox 1034 845 1114 891; x_wconf 84' lang='lat' dir='ltr'>lege</span> <span class='ocrx_word' id='word_1_75' title='bbox 1138 852 1174 880; x_wconf 90' lang='lat' dir='ltr'>et</span> <span class='ocrx_word' id='word_1_76' title='bbox 1191 854 1282 880; x_wconf 87' lang='lat' dir='ltr'>con-</span> 
     </span>
     <span class='ocr_line' id='line_1_12' title="bbox 170 913 1285 962; baseline 0.002 -13"><span class='ocrx_word' id='word_1_77' title='bbox 170 913 312 950; x_wconf 88' lang='lat' dir='ltr'>ditione</span> <span class='ocrx_word' id='word_1_78' title='bbox 335 914 585 951; x_wconf 66' lang='lat' dir='ltr'>admittantur</span> <span class='ocrx_word' id='word_1_79' title='bbox 601 943 614 960; x_wconf 86' lang='lat'><strong>‚</strong></span> <span class='ocrx_word' id='word_1_80' title='bbox 652 914 718 961; x_wconf 86' lang='lat' dir='ltr'>qui</span> <span class='ocrx_word' id='word_1_81' title='bbox 739 913 921 962; x_wconf 84' lang='lat' dir='ltr'>adspirant</span> <span class='ocrx_word' id='word_1_82' title='bbox 945 914 990 951; x_wconf 88' lang='lat' dir='ltr'>ad</span> <span class='ocrx_word' id='word_1_83' title='bbox 1019 914 1130 951; x_wconf 87' lang='lat' dir='ltr'>huius</span> <span class='ocrx_word' id='word_1_84' title='bbox 1158 925 1285 951; x_wconf 86' lang='lat' dir='ltr'>mune-</span> 
     </span>
     <span class='ocr_line' id='line_1_13' title="bbox 172 983 1282 1033; baseline 0.005 -14"><span class='ocrx_word' id='word_1_85' title='bbox 172 983 222 1019; x_wconf 77' lang='lat' dir='ltr'>ris</span> <span class='ocrx_word' id='word_1_86' title='bbox 265 983 451 1029; x_wconf 68' lang='lat' dir='ltr'>honores„</span> <span class='ocrx_word' id='word_1_87' title='bbox 498 985 719 1031; x_wconf 85' lang='lat' dir='ltr'>commoda,</span> <span class='ocrx_word' id='word_1_88' title='bbox 766 985 1018 1023; x_wconf 82' lang='lat' dir='ltr'>immunitates</span> <span class='ocrx_word' id='word_1_89' title='bbox 1057 998 1096 1023; x_wconf 84' lang='lat' dir='ltr'>ac</span> <span class='ocrx_word' id='word_1_90' title='bbox 1138 986 1282 1033; x_wconf 83' lang='lat' dir='ltr'>gaudia.</span> 
     </span>
     <span class='ocr_line' id='line_1_14' title="bbox 173 1051 1289 1101; baseline 0.004 -12"><span class='ocrx_word' id='word_1_91' title='bbox 173 1051 378 1100; x_wconf 86' lang='lat' dir='ltr'>Propofitis</span> <span class='ocrx_word' id='word_1_92' title='bbox 422 1053 492 1091; x_wconf 84' lang='lat' dir='ltr'>sese</span> <span class='ocrx_word' id='word_1_93' title='bbox 527 1053 672 1101; x_wconf 83' lang='lat' dir='ltr'>legibus</span> <span class='ocrx_word' id='word_1_94' title='bbox 706 1062 743 1091; x_wconf 92' lang='lat' dir='ltr'>et</span> <span class='ocrx_word' id='word_1_95' title='bbox 775 1054 1057 1093; x_wconf 87' lang='lat' dir='ltr'>conditionibus</span> <span class='ocrx_word' id='word_1_96' title='bbox 1087 1057 1185 1093; x_wconf 91' lang='lat' dir='ltr'>ultro</span> <span class='ocrx_word' id='word_1_97' title='bbox 1226 1057 1289 1093; x_wconf 84' lang='lat' dir='ltr'>ad-</span> 
     </span>
     <span class='ocr_line' id='line_1_15' title="bbox 174 1121 1291 1173; baseline 0.003 -13"><span class='ocrx_word' id='word_1_98' title='bbox 174 1121 377 1170; x_wconf 85' lang='lat' dir='ltr'>stringunt.</span> <span class='ocrx_word' id='word_1_99' title='bbox 424 1124 500 1173; x_wconf 89' lang='lat' dir='ltr'>Qui</span> <span class='ocrx_word' id='word_1_100' title='bbox 528 1125 615 1161; x_wconf 86' lang='lat' dir='ltr'>haec</span> <span class='ocrx_word' id='word_1_101' title='bbox 644 1124 792 1162; x_wconf 88' lang='lat' dir='ltr'>vincula</span> <span class='ocrx_word' id='word_1_102' title='bbox 832 1125 1072 1163; x_wconf 83' lang='lat' dir='ltr'>reformidant</span> <span class='ocrx_word' id='word_1_103' title='bbox 1091 1152 1104 1170; x_wconf 83' lang='grc'><em>,</em></span> <span class='ocrx_word' id='word_1_104' title='bbox 1129 1126 1291 1164; x_wconf 82' lang='lat' dir='ltr'>honeste</span> 
     </span>
     <span class='ocr_line' id='line_1_16' title="bbox 174 1192 1293 1251; baseline 0.002 -21"><span class='ocrx_word' id='word_1_105' title='bbox 174 1193 220 1230; x_wconf 86' lang='lat' dir='ltr'>ab</span> <span class='ocrx_word' id='word_1_106' title='bbox 245 1192 488 1231; x_wconf 81' lang='lat' dir='ltr'>ecclesiastico</span> <span class='ocrx_word' id='word_1_107' title='bbox 518 1193 640 1231; x_wconf 89' lang='lat' dir='ltr'>officio</span> <span class='ocrx_word' id='word_1_108' title='bbox 659 1193 839 1232; x_wconf 85' lang='lat' dir='ltr'>abstinere</span> <span class='ocrx_word' id='word_1_109' title='bbox 861 1194 1042 1242; x_wconf 87' lang='lat' dir='ltr'>possunt:</span> <span class='ocrx_word' id='word_1_110' title='bbox 1066 1206 1201 1232; x_wconf 87' lang='lat' dir='ltr'>munus</span> <span class='ocrx_word' id='word_1_111' title='bbox 1229 1206 1293 1251; x_wconf 52' lang='grc' dir='ltr'>ξς.</span> 
     </span>
     <span class='ocr_line' id='line_1_17' title="bbox 177 1262 1291 1313; baseline 0.003 -13"><span class='ocrx_word' id='word_1_112' title='bbox 177 1262 287 1311; x_wconf 86' lang='lat' dir='ltr'>gresfi</span> <span class='ocrx_word' id='word_1_113' title='bbox 302 1291 314 1310; x_wconf 87' lang='lat'>,</span> <span class='ocrx_word' id='word_1_114' title='bbox 341 1264 488 1301; x_wconf 83' lang='lat' dir='ltr'>vincula</span> <span class='ocrx_word' id='word_1_115' title='bbox 508 1263 618 1301; x_wconf 87' lang='lat' dir='ltr'>nimis</span> <span class='ocrx_word' id='word_1_116' title='bbox 644 1263 710 1301; x_wconf 85' lang='lat' dir='ltr'>fibi</span> <span class='ocrx_word' id='word_1_117' title='bbox 735 1264 859 1313; x_wconf 82' lang='lat' dir='ltr'>gravia</span> <span class='ocrx_word' id='word_1_118' title='bbox 885 1274 922 1302; x_wconf 88' lang='lat' dir='ltr'>et</span> <span class='ocrx_word' id='word_1_119' title='bbox 941 1266 1096 1303; x_wconf 87' lang='lat' dir='ltr'>molesta</span> <span class='ocrx_word' id='word_1_120' title='bbox 1114 1293 1126 1312; x_wconf 86' lang='lat'>‚</span> <span class='ocrx_word' id='word_1_121' title='bbox 1141 1264 1216 1303; x_wconf 88' lang='lat' dir='ltr'>fine</span> <span class='ocrx_word' id='word_1_122' title='bbox 1230 1266 1291 1303; x_wconf 89' lang='lat' dir='ltr'>de·</span> 
     </span>
     <span class='ocr_line' id='line_1_18' title="bbox 175 1333 1290 1384; baseline 0.002 -13"><span class='ocrx_word' id='word_1_123' title='bbox 175 1334 309 1372; x_wconf 85' lang='lat' dir='ltr'>decore</span> <span class='ocrx_word' id='word_1_124' title='bbox 332 1333 488 1381; x_wconf 86' lang='lat' dir='ltr'>possunt</span> <span class='ocrx_word' id='word_1_125' title='bbox 520 1346 717 1382; x_wconf 69' lang='lat' dir='ltr'>rumpereg</span> <span class='ocrx_word' id='word_1_126' title='bbox 747 1335 831 1372; x_wconf 91' lang='lat' dir='ltr'>licet</span> <span class='ocrx_word' id='word_1_127' title='bbox 858 1335 952 1373; x_wconf 83' lang='lat' dir='ltr'>enim</span> <span class='ocrx_word' id='word_1_128' title='bbox 977 1335 1114 1383; x_wconf 79' lang='lat' dir='ltr'>cuique</span> <span class='ocrx_word' id='word_1_129' title='bbox 1140 1335 1290 1384; x_wconf 88' lang='lat' dir='ltr'>suscep·</span> 
     </span>
     <span class='ocr_line' id='line_1_19' title="bbox 176 1405 1293 1452; baseline 0.002 -11"><span class='ocrx_word' id='word_1_130' title='bbox 176 1413 255 1442; x_wconf 87' lang='lat' dir='ltr'>turn</span> <span class='ocrx_word' id='word_1_131' title='bbox 283 1415 378 1441; x_wconf 86' lang='lat' dir='ltr'>onus</span> <span class='ocrx_word' id='word_1_132' title='bbox 409 1405 595 1452; x_wconf 84' lang='lat' dir='ltr'>deponere</span> <span class='ocrx_word' id='word_1_133' title='bbox 621 1415 657 1441; x_wconf 88' lang='lat' dir='ltr'>et</span> <span class='ocrx_word' id='word_1_134' title='bbox 682 1406 726 1442; x_wconf 81' lang='lat' dir='ltr'>ab</span> <span class='ocrx_word' id='word_1_135' title='bbox 759 1406 1044 1452; x_wconf 79' lang='lat' dir='ltr'>emolumentis,</span> <span class='ocrx_word' id='word_1_136' title='bbox 1072 1418 1155 1444; x_wconf 89' lang='lat' dir='ltr'>cum</span> <span class='ocrx_word' id='word_1_137' title='bbox 1193 1406 1293 1444; x_wconf 86' lang='lat' dir='ltr'>sacro</span> 
     </span>
     <span class='ocr_line' id='line_1_20' title="bbox 182 1474 1293 1524; baseline 0.002 -12"><span class='ocrx_word' id='word_1_138' title='bbox 182 1485 332 1512; x_wconf 89' lang='lat' dir='ltr'>munere</span> <span class='ocrx_word' id='word_1_139' title='bbox 358 1476 524 1522; x_wconf 76' lang='lat' dir='ltr'>iunctis,</span> <span class='ocrx_word' id='word_1_140' title='bbox 552 1474 732 1513; x_wconf 83' lang='lat' dir='ltr'>desistere.</span> <span class='ocrx_word' id='word_1_141' title='bbox 797 1477 943 1514; x_wconf 87' lang='lat' dir='ltr'>Nostro</span> <span class='ocrx_word' id='word_1_142' title='bbox 979 1477 1091 1524; x_wconf 82' lang='lat' dir='ltr'>igitur</span> <span class='ocrx_word' id='word_1_143' title='bbox 1124 1476 1293 1514; x_wconf 78' lang='lat' dir='ltr'>instituto</span> 
     </span>
     <span class='ocr_line' id='line_1_21' title="bbox 180 1545 1294 1594; baseline 0.003 -12"><span class='ocrx_word' id='word_1_144' title='bbox 180 1545 339 1582; x_wconf 86' lang='lat' dir='ltr'>neminis</span> <span class='ocrx_word' id='word_1_145' title='bbox 370 1545 428 1582; x_wconf 89' lang='lat' dir='ltr'>ius</span> <span class='ocrx_word' id='word_1_146' title='bbox 466 1545 638 1584; x_wconf 83' lang='lat' dir='ltr'>laeditur.</span> <span class='ocrx_word' id='word_1_147' title='bbox 706 1547 849 1583; x_wconf 81' lang='lat' dir='ltr'>Contra</span> <span class='ocrx_word' id='word_1_148' title='bbox 886 1549 964 1594; x_wconf 86' lang='lat' dir='ltr'>lege</span> <span class='ocrx_word' id='word_1_149' title='bbox 1008 1549 1137 1585; x_wconf 61' lang='lat' dir='ltr'>nostra</span> <span class='ocrx_word' id='word_1_150' title='bbox 1177 1549 1294 1585; x_wconf 86' lang='lat' dir='ltr'>eccle-</span> 
     </span>
     <span class='ocr_line' id='line_1_22' title="bbox 181 1605 1291 1665; baseline 0.003 -13"><span class='ocrx_word' id='word_1_151' title='bbox 181 1615 322 1652; x_wconf 82' lang='lat' dir='ltr'>fiastica</span> <span class='ocrx_word' id='word_1_152' title='bbox 346 1615 577 1653; x_wconf 84' lang='lat' dir='ltr'>vindicantur</span> <span class='ocrx_word' id='word_1_153' title='bbox 607 1615 711 1662; x_wconf 82' lang='lat' dir='ltr'>iura,</span> <span class='ocrx_word' id='word_1_154' title='bbox 740 1625 819 1653; x_wconf 90' lang='lat' dir='ltr'>tum</span> <span class='ocrx_word' id='word_1_155' title='bbox 856 1616 1042 1654; x_wconf 81' lang='lat' dir='ltr'>universae</span> <span class='ocrx_word' id='word_1_156' title='bbox 1070 1605 1291 1665; x_wconf 81' lang='lat' dir='ltr'>Societatis‚</span> 
     </span>
     <span class='ocr_line' id='line_1_23' title="bbox 181 1680 1296 1735; baseline 0.003 -12"><span class='ocrx_word' id='word_1_157' title='bbox 181 1680 260 1723; x_wconf 87' lang='lat' dir='ltr'>tum</span> <span class='ocrx_word' id='word_1_158' title='bbox 289 1685 512 1732; x_wconf 77' lang='lat' dir='ltr'>singulorum</span> <span class='ocrx_word' id='word_1_159' title='bbox 542 1696 741 1732; x_wconf 81' lang='lat' dir='ltr'>coetuum,</span> <span class='ocrx_word' id='word_1_160' title='bbox 771 1695 845 1724; x_wconf 86' lang='lat' dir='ltr'>tum</span> <span class='ocrx_word' id='word_1_161' title='bbox 877 1686 1057 1725; x_wconf 81' lang='lat' dir='ltr'>Ecclesiae</span> <span class='ocrx_word' id='word_1_162' title='bbox 1090 1688 1296 1735; x_wconf 86' lang='lat' dir='ltr'>praefecto-</span> 
     </span>
     <span class='ocr_line' id='line_1_24' title="bbox 186 1755 1255 1808; baseline 0.005 -16"><span class='ocrx_word' id='word_1_163' title='bbox 186 1767 265 1792; x_wconf 87' lang='lat' dir='ltr'>rum</span> <span class='ocrx_word' id='word_1_164' title='bbox 285 1783 298 1801; x_wconf 84' lang='lat'>,</span> <span class='ocrx_word' id='word_1_165' title='bbox 327 1765 405 1792; x_wconf 88' lang='lat' dir='ltr'>tum</span> <span class='ocrx_word' id='word_1_166' title='bbox 436 1755 597 1803; x_wconf 86' lang='lat' dir='ltr'>denique</span> <span class='ocrx_word' id='word_1_167' title='bbox 618 1755 801 1793; x_wconf 85' lang='lat' dir='ltr'>sociorum</span> <span class='ocrx_word' id='word_1_168' title='bbox 826 1766 861 1793; x_wconf 86' lang='lat' dir='ltr'>et</span> <span class='ocrx_word' id='word_1_169' title='bbox 882 1757 1132 1796; x_wconf 81' lang='lat' dir='ltr'>alumnorum.</span> <span class='ocrx_word' id='word_1_170' title='bbox 1161 1760 1255 1808; x_wconf 85' lang='lat'>(90)</span> 
     </span>
     <span class='ocr_line' id='line_1_25' title="bbox 236 1824 1298 1877; baseline 0.006 -16"><span class='ocrx_word' id='word_1_171' title='bbox 236 1824 369 1862; x_wconf 88' lang='lat' dir='ltr'>Tertio</span> <span class='ocrx_word' id='word_1_172' title='bbox 394 1825 506 1863; x_wconf 85' lang='lat' dir='ltr'>nobis</span> <span class='ocrx_word' id='word_1_173' title='bbox 543 1825 757 1873; x_wconf 44' lang='lat' dir='ltr'>obiiciuntf</span> <span class='ocrx_word' id='word_1_174' title='bbox 778 1827 844 1874; x_wconf 83' lang='lat' dir='ltr'>qui</span> <span class='ocrx_word' id='word_1_175' title='bbox 877 1837 1046 1865; x_wconf 83' lang='lat' dir='ltr'>nostrum</span> <span class='ocrx_word' id='word_1_176' title='bbox 1084 1829 1298 1877; x_wconf 81' lang='lat' dir='ltr'>vituperant</span> 
     </span>
     <span class='ocr_line' id='line_1_26' title="bbox 185 1893 1301 1944; baseline 0.006 -13"><span class='ocrx_word' id='word_1_177' title='bbox 185 1893 391 1932; x_wconf 87' lang='lat' dir='ltr'>institutum</span> <span class='ocrx_word' id='word_1_178' title='bbox 411 1924 423 1941; x_wconf 82' lang='lat'>‚</span> <span class='ocrx_word' id='word_1_179' title='bbox 452 1906 496 1933; x_wconf 88' lang='lat' dir='ltr'>eo</span> <span class='ocrx_word' id='word_1_180' title='bbox 523 1896 629 1933; x_wconf 86' lang='lat' dir='ltr'>valde</span> <span class='ocrx_word' id='word_1_181' title='bbox 647 1897 816 1944; x_wconf 85' lang='lat' dir='ltr'>impediri</span> <span class='ocrx_word' id='word_1_182' title='bbox 842 1898 1106 1936; x_wconf 85' lang='lat' dir='ltr'>incrementum</span> <span class='ocrx_word' id='word_1_183' title='bbox 1132 1899 1301 1938; x_wconf 85' lang='lat' dir='ltr'>scientiae</span> 
     </span>
     <span class='ocr_line' id='line_1_27' title="bbox 191 1964 1299 2017; baseline 0.006 -16"><span class='ocrx_word' id='word_1_184' title='bbox 191 1973 226 2002; x_wconf 91' lang='lat' dir='ltr'>et</span> <span class='ocrx_word' id='word_1_185' title='bbox 260 1965 450 2003; x_wconf 85' lang='lat' dir='ltr'>doctrinae</span> <span class='ocrx_word' id='word_1_186' title='bbox 490 1964 738 2014; x_wconf 76' lang='lat' dir='ltr'>Theologicae</span> <span class='ocrx_word' id='word_1_187' title='bbox 776 1968 815 2005; x_wconf 90' lang='lat' dir='ltr'>in</span> <span class='ocrx_word' id='word_1_188' title='bbox 848 1968 1046 2007; x_wconf 62' lang='lat' dir='ltr'>reformata</span> <span class='ocrx_word' id='word_1_189' title='bbox 1070 1973 1207 2017; x_wconf 82' lang='lat' dir='ltr'>patriae</span> <span class='ocrx_word' id='word_1_190' title='bbox 1230 1981 1299 2008; x_wconf 91' lang='lat' dir='ltr'>no-</span> 
     </span>
    </p>
   </div>
   <div class='ocr_carea' id='block_1_4' title="bbox 1211 2039 1301 2080">
    <p class='ocr_par' dir='ltr' id='par_1_4' title="bbox 1211 2039 1301 2080">
     <span class='ocr_line' id='line_1_28' title="bbox 1211 2039 1301 2080; baseline 0 -2"><span class='ocrx_word' id='word_1_191' title='bbox 1211 2039 1301 2080; x_wconf 89' lang='lat' dir='ltr'>strae</span> 
     </span>
    </p>
   </div>
   <div class='ocr_carea' id='block_1_5' title="bbox 228 2143 1302 2198">
    <p class='ocr_par' dir='ltr' id='par_1_5' title="bbox 228 2143 1302 2198">
     <span class='ocr_line' id='line_1_29' title="bbox 228 2143 1302 2198; baseline 0.008 -24"><span class='ocrx_word' id='word_1_192' title='bbox 228 2147 301 2184; x_wconf 84' lang='lat'>(90)</span> <span class='ocrx_word' id='word_1_193' title='bbox 321 2143 413 2177; x_wconf 73' lang='lat' dir='ltr'>Conf.</span> <span class='ocrx_word' id='word_1_194' title='bbox 437 2150 471 2179; x_wconf 85' lang='lat' dir='ltr'>P.</span> <span class='ocrx_word' id='word_1_195' title='bbox 492 2154 528 2178; x_wconf 86' lang='lat' dir='ltr'>H.</span> <span class='ocrx_word' id='word_1_196' title='bbox 554 2160 622 2179; x_wconf 78' lang='lat' dir='ltr'>vau</span> <span class='ocrx_word' id='word_1_197' title='bbox 645 2153 726 2187; x_wconf 84' lang='lat' dir='ltr'>Lis,</span> <span class='ocrx_word' id='word_1_198' title='bbox 758 2153 797 2198; x_wconf 26' lang='grc' dir='ltr'>ἐἷο</span> <span class='ocrx_word' id='word_1_199' title='bbox 826 2163 876 2180; x_wconf 83' lang='lat' dir='ltr'>eer</span> <span class='ocrx_word' id='word_1_200' title='bbox 902 2163 937 2180; x_wconf 79' lang='lat' dir='ltr'>en</span> <span class='ocrx_word' id='word_1_201' title='bbox 963 2153 1013 2180; x_wconf 64' lang='lat' dir='ltr'>liet</span> <span class='ocrx_word' id='word_1_202' title='bbox 1037 2163 1134 2191; x_wconf 74' lang='lat' dir='ltr'>gezag</span> <span class='ocrx_word' id='word_1_203' title='bbox 1153 2156 1208 2183; x_wconf 71' lang='lat' dir='ltr'>der</span> <span class='ocrx_word' id='word_1_204' title='bbox 1228 2156 1302 2183; x_wconf 83' lang='lat' dir='ltr'>For-</span> 
     </span>
    </p>
   </div>
   <div class='ocr_carea' id='block_1_6' title="bbox 200 2202 1302 2248">
    <p class='ocr_par' dir='ltr' id='par_1_6' title="bbox 200 2202 1302 2248">
     <span class='ocr_line' id='line_1_30' title="bbox 200 2202 1302 2248; baseline 0.011 -19"><span class='ocrx_word' id='word_1_205' title='bbox 200 2205 348 2232; x_wconf 66' lang='lat' dir='ltr'>mulierem</span> <span class='ocrx_word' id='word_1_206' title='bbox 373 2217 431 2234; x_wconf 71' lang='lat' dir='ltr'>van</span> <span class='ocrx_word' id='word_1_207' title='bbox 464 2208 638 2244; x_wconf 62' lang='lat' dir='ltr'>Eenae‘glzssid</span> <span class='ocrx_word' id='word_1_208' title='bbox 665 2220 699 2236; x_wconf 81' lang='lat' dir='ltr'>en</span> <span class='ocrx_word' id='word_1_209' title='bbox 727 2202 889 2244; x_wconf 62' lang='lat' dir='ltr'>hijzomlcr</span> <span class='ocrx_word' id='word_1_210' title='bbox 919 2221 978 2240; x_wconf 62' lang='lat' dir='ltr'>van</span> <span class='ocrx_word' id='word_1_211' title='bbox 1013 2212 1068 2239; x_wconf 80' lang='lat' dir='ltr'>den</span> <span class='ocrx_word' id='word_1_212' title='bbox 1101 2213 1302 2248; x_wconf 75' lang='lat' dir='ltr'>Heidelberg-</span> 
     </span>
    </p>
   </div>
   <div class='ocr_carea' id='block_1_7' title="bbox 194 2259 1159 2303">
    <p class='ocr_par' dir='ltr' id='par_1_7' title="bbox 194 2259 1159 2303">
     <span class='ocr_line' id='line_1_31' title="bbox 194 2259 1159 2303; baseline 0.013 -17"><span class='ocrx_word' id='word_1_213' title='bbox 194 2259 285 2289; x_wconf 69' lang='lat' dir='ltr'>sclun</span> <span class='ocrx_word' id='word_1_214' title='bbox 300 2292 303 2297; x_wconf 37' lang='grc' dir='ltr'>Ι</span> <span class='ocrx_word' id='word_1_215' title='bbox 319 2262 524 2292; x_wconf 74' lang='lat' dir='ltr'>Catcchismus</span> <span class='ocrx_word' id='word_1_216' title='bbox 543 2265 717 2301; x_wconf 61' lang='lat' dir='ltr'>verdedign</span> <span class='ocrx_word' id='word_1_217' title='bbox 743 2268 808 2296; x_wconf 81' lang='lat' dir='ltr'>Utr.</span> <span class='ocrx_word' id='word_1_218' title='bbox 836 2272 919 2302; x_wconf 62' lang='lat'><strong>1785.</strong></span> <span class='ocrx_word' id='word_1_219' title='bbox 943 2276 1010 2303; x_wconf 75' lang='lat' dir='ltr'>pag.</span> <span class='ocrx_word' id='word_1_220' title='bbox 1034 2272 1159 2299; x_wconf 74' lang='lat'>22-66.</span> 
     </span>
    </p>
   </div>
  </div>
 </body>
</html>
