1487 2703
434 168 866 216 JURIDICA.
1170 176 1213 212 81

158 277 335 317 Dicamus
372 284 492 314 autem
528 277 654 324 potius
694 278 812 324 facta,
850 289 942 326 quae
977 279 1213 318 constituunt

107 357 252 385 causam
279 345 516 394 obligationis
526 346 694 394 juridice
705 357 836 386 contra
848 349 951 387 bonos
976 361 1114 396 mores,
1132 360 1212 387 esse

106 426 167 463 ea,
182 426 277 463 quae
301 415 489 453 communi
513 415 703 453 hominum
726 417 764 454 in
787 418 854 455 hac
879 418 1029 457 civitate
1043 418 1111 468 (ι)
1130 429 1213 456 sen-

103 486 243 532 tentia,
269 485 320 523 ita
350 485 517 523 moribus
547 485 812 534 adversantur,
840 495 883 524 ut
915 495 979 526 aut
1013 487 1052 525 in
1075 485 1210 527 malum

103 556 339 602 exemplum,
365 563 430 594 aut
464 555 501 591 in
528 555 697 603 publicae
727 556 888 595 civitatis
928 556 1059 595 salutis
1088 556 1210 607 perni-

102 624 196 662 ciem
233 623 304 661 alio
336 624 448 662 modo
487 625 654 664 tendant.
715 626 875 675 Quoties
911 626 1024 675 igitur
1057 627 1095 665 in
1125 629 1207 666 talis

101 693 191 732 facti
223 700 286 732 aut
308 694 359 731 rei
382 693 628 741 praestatione
661 704 829 735 versetur
861 695 1069 744 obligatio,
1096 696 1207 734 toties

100 764 202 800 nulla
231 771 311 810 est,
339 764 552 811 nullamque
583 765 698 802 reddit
731 765 1033 803 conventionem.
1112 810 1115 813 Δ

150 832 288 879 Neque
326 833 394 870 hac
426 833 464 869 in
500 844 539 871 re
572 833 685 881 igitur
720 834 829 872 ullam
859 833 985 872 adesse
1024 835 1205 877 credimus

101 900 341 940 differentiam
387 901 484 940 inter
522 903 583 952 jtis
629 903 838 942 Romanum
887 912 924 942 et
953 904 1225 950 *hodiernums

99 972 242 1010 Eodem
280 972 436 1009 redeunt
468 971 684 1019 Ulpiani
725 971 854 1010 verba:
903 1000 937 1020 „
977 971 1205 1011 Generaliter

100 1067 133 1087 „
159 1040 334 1078 novimus
351 1048 479 1087 turpes
493 1039 752 1088 stipulationes
776 1041 913 1078 nullius
939 1052 1020 1079 esse
1041 1052 1206 1080 momen-

100 1137 132 1157 „
159 1109 244 1147 ti.'’
295 1109 355 1148 Sic
395 1120 484 1147 vero
520 1109 852 1158 Papinianus:
908 1138 939 1158 „
973 1122 1083 1157 nam,
1110 1122 1204 1158 quae

97 1207 129 1227 ‚‚
154 1179 252 1217 facta
276 1179 424 1217 laedunt
444 1179 642 1227 pietatem,
667 1179 1000 1229 existimationem,
1028 1191 1204 1219 verecun-

96 1276 127 1297 ,‚
155 1249 248 1287 diam
281 1257 472 1296 nostram,
500 1257 537 1286 et
561 1250 626 1298 (ut
659 1249 873 1296 generaliter
907 1249 1088 1299 dixerim)
1111 1262 1202 1289 con-

95 1344 125 1365 „
153 1325 209 1356 tra
243 1317 364 1355 bonos
396 1329 518 1355 mores
558 1326 672 1365 sunt,
699 1329 766 1356 nec
801 1317 920 1356 facere
955 1330 1027 1358 nos
1058 1311 1198 1368 posse,
1243 1359 1247 1363 ,

91 1415 125 1435 „
142 1386 371 1425 eredendum
402 1395 458 1425 est
484 1387 510 1405 ’'
537 1385 621 1438 (2).

1133 1442 1201 1481 Vi-

127 1514 180 1551 (1)
201 1513 347 1542 Addimus
373 1515 406 1543 in
429 1514 484 1541 hac
511 1515 666 1550 civitate,
702 1514 844 1549 quoniam
873 1516 963 1550 longe
987 1517 1088 1553 abest,
1113 1525 1145 1546 ut
1168 1518 1200 1547 in

93 1569 176 1599 omni
208 1569 331 1598 civitate
363 1570 467 1598 eadem
506 1570 670 1598 habeantur
703 1571 847 1606 honesta,
887 1573 991 1601 eadem
1027 1572 1200 1604 inhonesta.

91 1626 282 1655 Contrarium
304 1634 320 1653 e
343 1625 487 1654 Romanis
503 1626 699 1661 scriptoribus
715 1627 834 1662 egregie
853 1629 985 1657 ostendit
1000 1631 1112 1660 Corn.
1129 1631 1199 1659 Ne-

89 1692 182 1720 pos,
203 1683 233 1711 in
251 1683 350 1718 praef.
368 1684 404 1711 ad
425 1682 503 1711 vitas
521 1685 631 1712 excell.
656 1682 808 1712 virorum:
830 1704 854 1719 „
871 1685 942 1713 Non
962 1686 1066 1714 eadem
1080 1687 1199 1716 scilicet

91 1760 115 1777 ‚,
136 1740 274 1769 omnibus
300 1747 365 1768 esse
393 1741 519 1768 honesta
544 1747 574 1767 et
599 1739 717 1776 turpia,
736 1741 789 1768 sed
815 1740 913 1769 omnia
938 1741 1086 1775 majorum
1112 1743 1197 1772 insti-

88 1816 114 1834 „
134 1796 206 1825 tutis
227 1795 396 1830 iudicari.”
435 1796 536 1825 Utitur
559 1797 609 1824 hic
626 1797 832 1826 Romanorum
852 1806 882 1826 et
898 1800 1078 1828 Graecorum
1093 1807 1198 1830 exem-

87 1855 162 1889 plo,
182 1853 255 1888 quid
276 1860 367 1888 vero,
390 1852 416 1881 si
431 1852 566 1888 ipsorum
589 1854 796 1883 Romanorum
813 1863 881 1883 cum
899 1855 1115 1885 hodiernorum
1138 1866 1195 1893 po-

88 1912 230 1946 pulorum
253 1909 386 1938 moribus
411 1912 639 1945 comparemus?
663 1922 704 1933 —
731 1911 927 1947 Quantopere
952 1912 1066 1949 turpis,
1101 1914 1196 1943 mori·
1244 1942 1245 1945 ,

87 1967 203 2002 busque
235 1966 382 1994 contraria
413 1966 501 1994 nobis
526 1974 605 1995 esset
627 1974 689 1995 tota
710 1967 765 1996 ista
791 1969 827 1995 de
850 1968 948 1997 servis
970 1969 1127 2003 doctrinm
1161 1978 1195 1999 ut

87 2030 236 2052 taceamus
260 2024 298 2051 de
325 2022 391 2056 jure
421 2023 496 2058 illo,
518 2031 579 2057 quo
603 2030 689 2059 pater
712 2032 840 2061 propter
864 2024 1041 2053 domesticas
1065 2025 1143 2054 rixas
1158 2026 1195 2054 li-

89 2081 177 2110 beros
208 2080 332 2115 impune
357 2088 463 2108 necare
495 2079 614 2115 potuit:
652 2080 766 2117 quippe
788 2081 826 2109 ‹le
849 2088 927 2116 quo,
962 2087 998 2109 an
1020 2088 1127 2109 revera
1150 2082 1194 2111 sic

90 2145 156 2166 sese
179 2137 335 2173 habuerit,
355 2136 442 2165 multi
466 2137 612 2167 dubitant.

128 2193 180 2230 (2)
199 2193 288 2223 Vidd.
318 2194 395 2224 Lex.
419 2195 465 2224 26.
489 2194 519 2223 ff.
543 2195 580 2223 de
600 2196 635 2224 V.
658 2196 694 2224 Ο.
716 2202 746 2223 et
770 2196 849 2223 Lex.
879 2202 923 2228 ¹5·
945 2195 977 2224 ff.
1008 2197 1045 2224 de
1069 2197 1191 2225 condit.

90 2250 186 2280 lustit.

142 2311 257 2341 PINT.
636 2291 667 2339 'F
