1544 2693
245 183 276 229 δ’
455 184 633 229 HERM.
663 183 690 227 J
694 182 784 228 ΟΗ.
817 179 1138 226 ROYAARDS·

250 316 369 375 Quae
385 331 483 362 sane
504 317 631 361 virtus
655 314 833 373 gentium
861 329 1062 358 summam
1088 313 1210 357 nobis
1235 311 1353 356 indis-

252 406 319 443 eat
354 397 661 458 praestantiam.
724 395 892 454 Quippe
938 396 1134 441 excelsius
1172 395 1270 440 nihil
1309 402 1356 440 et-

250 481 430 526 sanctius
461 480 503 522 in
540 477 706 522 homine
744 478 943 531 habetur,
976 479 1139 523 virtutis
1178 486 1218 523 et
1252 477 1353 522 reli-

249 563 380 622 gionis
405 576 539 606 sensu.
583 561 660 605 Hic
689 561 896 605 hominem
926 562 1029 605 tollit
1047 562 1360 606 aterrestribus

250 645 304 690 ad
323 645 484 690 altiora.
544 644 658 698 Hier
691 645 837 689 animis
872 645 1054 698 inditus,
1093 645 1218 689 divini
1251 644 1353 703 quid

250 729 399 781 refert,
427 728 547 784 quod>
567 742 657 772 eum
684 728 737 771 ad
757 728 998 772 sublimiora
1025 728 1354 776 natumindicat.

252 812 403 870 Quod,
428 812 465 855 si
499 812 551 855 de
590 810 763 856 homine
786 813 915 864 valet,
946 813 1051 856 valet
1081 812 1190 856 haud
1218 811 1355 856 minus

251 895 302 940 de
339 894 552 952 gentibus,
585 910 698 952 quaev
729 895 966 939 hominibus
1001 903 1206 940 constant.
1267 895 1355 939 Has

250 980 372 1037 igitur
404 993 584 1022 summas
632 978 811 1036 gentium
863 979 1005 1022 laudes
1046 978 1089 1021 in
1125 979 1357 1036 maioribus

251 1061 575 1118 celebra1·e„est
610 1060 782 1121 pietatis
813 1076 911 1120 erga
942 1069 1137 1120 parentes
1170 1061 1215 1106 in
1249 1076 1356 1120 pos-

252 1145 349 1189 teris
379 1144 574 1190 officium.

304 1315 479 1365 ‚Habetis
524 1313 576 1359 A.
607 1315 660 1359 Α.
710 1315 862 1372 legem,
913 1329 1038 1371 quam
1083 1315 1208 1359 hod-ie
1259 1314 1361 1358 mihi

258 1398 416 1458 scripsi.
501 1398 677 1441 Gentem
711 1405 897 1442 nostram
927 1398 1132 1457 superiori
1169 1406 1361 1458 tempore

256 1480 405 1526 intueri
438 1479 563 1524 lubet.
622 1479 868 1539 Exemplum
904 1480 971 1522 illa
1007 1479 1128 1524 nobis
1167 1480 1361 1525 virtutum
1437 1526 1440 1528 .

227 1562 230 1563 ⁷
257 1565 527 1625 plurimarum
557 1563 775 1622 praebuit,
807 1578 912 1619 quas
938 1563 1015 1607 rite
1044 1564 1258 1608 attendant
1284 1579 1361 1609 ne-

259 1663 372 1693 cesse
399 1655 459 1692 est
490 1647 623 1691 nostri
654 1646 742 1691 aevi
767 1646 982 1699 homines,-
1009 1647 1094 1690 sive
1116 1662 1220 1709 suae
1244 1655 1363 1692 aeta·-

258 1731 312 1788 fis
350 1730 629 1775 conditionem
662 1729 875 1782 omnium,
915 1744 1020 1786 quae
1056 1731 1222 1773 fuerunt
1253 1737 1362 1776 tem-

259 1829 434 1873 porum,
466 1814 620 1858 habent
646 1812 922 1857 felicissimam
938 1843 954 1865 ‚
983 1811 1067 1856 sive
1091 1811 1190 1856 illud
1219 1812 1263 1856 in
1290 1827 1363 1858 ore

260 1898 453 1942 continue
482 1897 686 1941 habetur:

469 2045 481 2059 ι
513 2027 614 2061 Aetas
638 2032 842 2072 parentum,
870 2025 970 2071 pejor
993 2025 1083 2066 avis,
1113 2026 1196 2060 tulit

469 2111 481 2124 ι
514 2093 581 2128 Nos
605 2093 828 2139 nequiores.⁷'
855 2112 902 2120 -
929 2091 976 2131 (2)

261 2227 344 2274 Has
375 2236 509 2273 autem
539 2229 731 2280 virtutes,
764 2229 801 2272 vi
839 2227 1066 2286 Religionis
1105 2227 1365 2274 Christianae
