1487 2703
463 158 900 211 JURIDICA.
1207 168 1253 206 73

174 274 248 312 r2³.
276 273 477 322 Quomodo
512 270 660 319 probari
687 270 793 308 debet
813 279 923 306 causa
944 277 1021 305 non
1049 264 1253 314 expressa?

192 345 263 382 Est
306 344 392 380 haec
433 342 603 389 quaestio
647 338 819 386 facilior,
871 337 931 377 cui
975 337 1256 386 respondeatur.

143 414 240 451 Nam
272 412 393 461 primo
421 412 592 459 quidem,
621 412 650 448 si
678 421 736 447 res
753 439 765 456 ‚
801 410 845 447 de
872 420 944 455 qua
968 406 1114 456 agitur,
1139 405 1259 442 minor

141 481 191 520 sit
228 492 299 529 150
326 481 492 527 francis,
530 480 674 518 nullum
718 478 897 524 dubium,
926 476 1017 524 quin
1051 487 1116 524 per
1145 483 1258 512 testes

141 551 293 599 probari
326 550 449 599 possit
475 562 584 588 causa
610 550 693 597 (Ι).
721 567 777 576 —
805 547 908 597 Quid
941 557 1059 592 vero,
1083 545 1115 583 si
1143 546 1259 594 major

142 621 228 659 sit?
279 632 353 668 an,
398 630 435 658 et
485 629 573 658 tunc
617 619 788 667 probatio
823 628 888 666 per
917 625 1030 654 testes
1071 616 1263 654 admittan-

139 691 186 728 da
213 690 315 740 (εγ.)
350 709 407 718 -
446 691 496 732 Et
524 689 577 726 sic
612 687 821 734 credimus3
849 687 938 723 haec
966 685 1098 723 etenim
1130 684 1261 722 admit-

143 759 235 797 titur
272 769 308 796 et
344 768 497 807 propter
524 758 696 806 majorem
737 767 945 802 summam,
974 757 1085 792 modo
1115 754 1258 792 initium

141 827 376 876 probationis
409 840 475 876 per
509 829 728 876 scripturam
767 826 890 872 adsit,
943 825 1062 873 qualis
1097 825 1261 872 dicitur,

143 898 265 936 omnis
305 907 410 936 actus
450 898 590 945 scripto
629 905 868 944 conceptus,
917 895 983 943 qui
1022 895 1180 933 manavit
1218 907 1262 934 ex

142 979 219 1015 eo,
246 969 421 1007 adversus
451 979 559 1015 quem
592 968 688 1004 actio
732 965 965 1012 instituitur,
1008 965 1149 1013 quique
1184 965 1259 1003 fac·

142 1048 224 1076 tum
257 1038 450 1085 allegatum
487 1037 684 1075 verisimile
730 1036 849 1073 reddit
891 1033 974 1083 (3).
1053 1034 1262 1083 Utrumque

143 1107 363 1156 requisitum
400 1107 512 1144 habet
536 1106 668 1144 titulus
700 1104 965 1154 obligationis,
1005 1105 1069 1152 qui
1106 1117 1124 1142 a
1160 1106 1262 1142 debi-

145 1187 225 1215 tore
253 1176 434 1222 manavit,
462 1187 502 1213 ac
534 1174 734 1212 verisimile
760 1174 908 1220 reddit,
935 1185 1016 1212 eum
1039 1173 1173 1211 debere
1198 1174 1235 1211 id
1252 1203 1264 1220 ,

146 1248 249 1296 quod
281 1249 425 1284 solvere
462 1237 661 1293 promisit,
700 1245 866 1291 adeoque
903 1243 1167 1290 obligationem
1200 1243 1262 1281 ha*

145 1317 232 1354 bere
274 1327 419 1354 causam
454 1316 538 1365 (4).
617 1315 804 1353 Praeterea
848 1325 893 1352 ex
937 1325 1009 1361 e0,
1070 1313 1174 1361 quod
1217 1315 1263 1351 ad

145 1386 366 1424 validitatem
410 1393 623 1422 contractus
667 1395 743 1422 non
783 1384 1020 1432 requiratur,
1076 1393 1118 1421 ut
1152 1395 1262 1421 causa

144 1453 336 1492 enunciata
359 1464 532 1501 expresse
554 1452 602 1490 sit
617 1481 629 1499 ,
647 1452 731 1490 inde
756 1452 926 1499 sequitur
945 1483 958 1503 ‚
972 1452 1258 1491 conventionem

1181 1533 1261 1559 om·

183 1615 238 1652 (1)
260 1614 329 1642 vid.
354 1621 409 1642 art.
436 1614 472 1641 C.
501 1614 535 1642 C.
563 1620 646 1649 1341.

187 1671 239 1709 (α)
261 1671 335 1698 Nam
358 1677 439 1698 certa
468 1677 513 1698 est
531 1669 606 1702 juris
622 1670 742 1704 regula,
765 1672 891 1703 propter
911 1667 1078 1702 majorem,
1097 1675 1184 1702 quam
1212 1674 1265 1700 150

147 1729 338 1762 francorum,
356 1727 497 1755 summam
509 1747 517 1760 ,
538 1726 748 1760 probationem
765 1733 820 1760 per
835 1732 928 1753 teStes
948 1732 1009 1752 non
1027 1724 1154 1753 admitti.
1191 1724 1261 1754 vid.

148 1786 168 1814 1.
191 1793 217 1813 a.
243 1791 344 1821 134¹„
367 1785 454 1816 cujus
473 1783 607 1811 rationes
624 1783 714 1810 docet
737 1783 763 1810 D
777 1782 928 1810 elvinc.
942 1803 952 1817 ‚
973 1783 1031 1810 1.1.
1056 1782 1145 1810 Tom.
1158 1782 1181 1809 1.
1192 1789 1261 1817 pag.

151 1852 185 1874 ια.
207 1849 237 1869 et
260 1850 306 1875 13.
330 1847 360 1868 et
381 1840 474 1868 Tom.
496 1840 547 1868 VI.
570 1847 639 1874 pag.
663 1840 712 1869 86.

190 1900 244 1936 (3)
265 1897 333 1928 Vid.
353 1904 408 1925 art.
432 1898 465 1924 C.
488 1897 523 1924 C.
548 1903 634 1933 1547·
664 1896 717 1924 Est
742 1902 841 1923 autem
868 1895 942 1922 haec
965 1896 1066 1929 regula
1092 1895 1258 1929 generalis;

147 1963 216 1985 nam
234 1962 311 1983 vsunt
332 1954 418 1989 plura
443 1952 499 1980 alia
525 1952 653 1988 scripta,
674 1959 749 1986 quae
776 1951 892 1979 Codice
921 1950 1040 1979 initium
1071 1937 1263 1985 probationis

148 2020 204 2049 pet
226 2011 402 2046 scripturam
429 2011 628 2038 declarantur.
649 2008 738 2037 Vidd.
759 2017 786 2036 a.
811 2016 887 2043 324,
911 2016 1003 2042 1320,
1027 2015 1099 2042 1335
1121 2015 1152 2036 et
1174 2013 1260 2043 1336.

146 2071 234 2098 caet.
252 2069 290 2097 de
307 2068 345 2097 iis
366 2066 490 2103 omnino
513 2066 713 2094 conferuntur
739 2066 760 2093 P
775 2067 875 2099 oth„
897 2072 949 2099 op.
969 2065 1049 2092 laud.
1071 2065 1153 2100 edit,
1174 2073 1262 2101 quam

150 2125 266 2154 curavit
288 2123 483 2158 Molitor,
505 2123 544 2150 T.
569 2131 598 2152 2.
621 2129 688 2157 pag.
712 2122 876 2155 270-276.
900 2121 1260 2157 etDuranton,1.1.

153 2183 190 2211 T.
210 2191 240 2219 4.
263 2181 315 2210 11⁹.
339 2188 538 2218 1402—1412.
558 2180 639 2208 Add.
663 2179 753 2207 etiam
776 2178 1015 2213 Maleville,
1035 2179 1071 2207 ad
1089 2185 1144 2207 art.
1165 2188 1234 2216 324.

189 2239 244 2276 (4)
261 2238 468 2272 Delvinc.,
490 2239 510 2267 l.
531 2238 576 2271 1.;
599 2237 764 2266 Durant.
781 2256 790 2271 ,
811 2237 833 2265 Ι.
857 2237 880 2264 l.
901 2233 950 2265 11⁹.
974 2242 1040 2270 307.
1064 2235 1095 2263 in
1112 2234 1185 2265 fine.
