1487 2703
461 166 970 208 LITERARIA.
1231 174 1278 222 33·

166 287 219 315 re.
271 275 460 327 Josephus
488 284 576 315 tunc
606 276 705 315 forte
730 276 782 315 ibi
813 277 965 325 aderat,
1001 284 1037 315 et
1071 286 1111 317 ut
1144 279 1272 318 saltem

161 353 259 402 esset
282 345 406 394 aliqua
430 357 540 385 causa
579 346 798 395 seditionis,
850 359 934 386 eum
966 348 1148 387 adhortati
1183 359 1274 388 sunt

159 424 202 454 ut
233 415 341 454 etiam
374 416 489 454 muris
530 416 657 454 urbem
702 417 895 466 cingeret,
945 426 986 456 ut
1019 427 1124 457 antea
1163 419 1273 458 Tari-

155 485 293 533 cheas,
320 495 356 524 et
387 487 442 524 uti
472 485 665 535 pollicitus
693 496 783 525 erat·
839 486 969 527 Statim
995 496 1117 527 autem
1143 489 1181 527 id
1206 489 1269 528 ille

153 555 284 592 annuit
317 562 355 593 et
382 563 471 603 post
497 554 660 593 triduum
692 555 892 595 Taricheas
928 558 1094 596 revertit.
1148 558 1266 598 Com-

151 624 271 672 pectis
308 632 428 663 autem
470 624 661 663 nonnullis
698 626 890 674 equitibus
932 626 1142 674 Romanis,
1194 627 1265 666 iter'

141 692 400 741 facientibus,
437 693 576 733 factum
612 703 668 733 est
704 705 746 732 ut
781 695 818 733 T
821 695 1047 745 ibefienses,
1086 706 1262 745 putantes

148 775 230 802 esse
263 764 465 802 exercitum
504 764 601 811 regis
635 763 848 812 Agrippae,
891 766 1007 813 palam
1041 765 1261 813 profiteren-

147 841 280 873 turse
310 833 518 872 decrevisse
554 844 573 870 a
603 833 773 882 Josepho
817 833 987 873 deficere.
1049 835 1130 873 Imo
1162 846 1258 875 non-

144 903 240 941 nulli
272 903 316 944 id,
343 903 449 941 etiam
489 904 739 941 clamaverunt
769 903 989 951 Taricheis,
1030 916 1116 942 cum
1147 905 1256 955 Jose-

140 974 239 1022 phus
272 973 406 1011 milites
446 981 482 1011 et
521 973 698 1011 satellites
735 974 886 1011 domum
919 985 1105 1022 quemque
1146 980 1252 1013 suam

140 1043 326 1090 misisset,
354 1042 504 1080 Sabathi
536 1042 706 1081 instantis
740 1054 865 1081 causa.
918 1043 1017 1082 Cum
1045 1043 1160 1093 igitur
1183 1046 1253 1082 mi·-

136 1113 222 1152 lites
256 1113 405 1151 ei‘non
442 1122 593 1161 essent,
634 1113 721 1150 dolo
753 1114 875 1150 denuo
904 1124 996 1151 usus
1026 1122 1097 1153 est.
1150 1115 1248 1153 Cum

135 1191 276 1231 septem
314 1183 407 1221 enim
444 1183 653 1231 militibus,
682 1183 747 1230 qui
781 1182 815 1221 ei
852 1183 1065 1231 restabant,
1092 1192 1130 1222 et
1153 1195 1250 1222 non·

135 1252 408 1293 nullisvamicis
441 1252 609 1291 navicula
645 1261 740 1300 quot
771 1253 918 1301 potuit,
943 1254 1095 1302 collegit
1121 1264 1157 1292 et
1189 1254 1244 1292 sic

133 1320 327 1360 Tiberiada
377 1321 578 1370 navigavit.
662 1321 775 1361 Urbis
817 1323 959 1362 incolae
993 1324 1247 1362 existimantes

131 1391 303 1430 advenire
339 1402 504 1440 magnam
539 1393 721 1440 classem,
769 1402 871 1432 metu
918 1395 1084 1442 percussi
1130 1406 1244 1443 sunt,

130 1472 165 1500 et
193 1473 277 1500 cum
317 1461 458 1499 nullum
486 1473 515 1499 va
550 1472 634 1510 rege
670 1463 839 1511 Agrippa
876 1464 1105 1512 accepissent
1140 1466 1245 1504 auxi-

127 1531 245 1578 lium,
272 1530 381 1569 armis
408 1531 611 1580 projectis,
652 1531 799 1570 obviam
833 1542 1016 1571 venerunt
1041 1535 1210 1584 Josepho
1227 1564 1241 1584 ‚

129 1600 195 1648 qui
234 1612 325 1640 suos
365 1601 525 1649 jusserat
568 1603 680 1649 paulo
716 1602 894 1641 remotius
928 1615 948 1641 a
978 1612 1072 1642 terra
1105 1606 1243 1643 ancho—

126 1682 185 1709 ras
218 1671 361 1720 jacere,
418 1680 454 1709 et
495 1679 695 1709 oraverunt
732 1681 773 1710 ut
811 1672 884 1711 sibi
931 1673 1074 1711 veniam
1122 1674 1271 1712 daret.¹

125 1740 242 1780 Hicce
276 1748 397 1779 autem
433 1752 560 1778 eorum
586 1741 802 1779 dementiam
830 1742 1096 1792 perfidiamque
1123 1744 1241 1782 incre-

123 1808 249 1857 pavit,
277 1817 312 1846 et
346 1810 468 1847 decem
500 1821 520 1847 e
552 1810 735 1858 primariis
770 1820 944 1859 tanquam
973 1813 1122 1851 obsides
1162 1813 1238 1852 Ta-·

123 1878 263 1918 richeas
299 1878 426 1925 misit,
454 1891 531 1926 quo
564 1880 663 1917 facto
699 1880 781 1929 ipse
812 1882 888 1919 cito
915 1882 1041 1920 eodem
1066 1894 1234 1921 reversus

121 1956 202 1994 est,
257 1947 386 1996 ibique
427 1947 534 1986 etiam
572 1949 768 1989 seditionis
805 1960 977 1990 auctores
1011 1952 1048 1990 in
1087 1952 1236 1991 vincula

120 2017 308 2067 conJecit3
337 2017 517 2055 neminem
547 2027 667 2057 autem
700 2020 832 2058 ultimo
866 2022 1052 2070 supplicio
1081 2022 1229 2070 affecit;

122 2086 264 2127 Clitum
298 2095 465 2134 tantum,
495 2088 799 2127 scelestissimum
839 2091 1055 2138 hominem,
1083 2101 1236 2141 rogante·

121 2158 296 2205 populo,
321 2157 436 2205 jussit
472 2165 513 2195 ut
543 2157 616 2195 sibi
652 2158 733 2207 ipse
764 2159 949 2199 sinistram
981 2160 1234 2209 praecideret,

123 2225 197 2265 nisi
225 2227 335 2264 vellet
373 2227 498 2264 ambas
536 2237 664 2266 manus
695 2229 876 2269 amittere.
927 2231 983 2270 Ea
1014 2231 1108 2269 enim
1146 2233 1236 2271 mira

174 2305 303 2335 HOEV.
663 2299 695 2335 C
1163 2314 1237 2340 erat

1362 1268 1378 1310 ...⁴
1376 1248 1380 1253 ι
1368 1235 1372 1239 ,
1360 1142 1375 1215 μὴν·

1353 1634 1362 1648 -,-
1349 1574 1365 1606 ‘'t-
1355 1421 1371 1563 2:344..-:.·2·?-1
1356 1325 1382 1409 {ff-²1¹⁸*
