1487 2703
243 199 311 236 132
451 181 1117 226 COMMENTATIO

237 297 460 346 Judaeorum
493 294 693 341 historici,
731 304 841 342 quam
869 291 1098 331 Graecorum
1129 291 1196 341 qui
1227 302 1356 341 parum

244 365 389 402 veritati
429 364 683 412 studueruut3
725 371 763 401 et
800 362 887 401 talia
916 364 1038 412 plura.
1091 362 1229 402 Nonne
1269 362 1357 400 haec

250 435 402 473 omnino
440 434 600 483 probant
634 434 764 480 illum,
803 433 946 471 etiamsi
978 433 1093 471 multa
1123 432 1280 479 fecerit,
1317 438 1362 471 ut

250 505 325 544 illis
352 514 476 552 gratus
504 505 608 543 fieret
623 532 637 552 ,
663 504 747 543 ideo
770 512 891 542 tamen
916 515 994 542 non
1018 502 1109 542 falsa
1129 502 1363 550 narravisse,

250 577 316 616 sed
344 577 496 624 quando
526 587 627 624 opus
668 575 741 615 fuit
777 575 947 612 lubenter
978 573 1118 612 dixisse
1151 584 1251 622 quae
1283 583 1361 611 non

249 649 395 697 placere
427 654 633 695 potuerunt
675 645 833 687 Graecis
867 643 1155 692 Romanisque?

303 717 469 756 Omnino
496 716 612 765 igitur
641 715 844 764 probamus
882 715 989 764 quod
1023 714 1112 757 fecit
1142 714 1364 765 Josephus,

251 796 290 827 et
327 790 431 838 quod
465 788 547 837 ipse
579 788 670 827 dixit
702 786 776 824 sibi
805 797 888 826 esse
909 785 1174 836 propositum-2
1218 813 1244 834 „
1269 784 1364 823 Illud

253 860 379 910 enirn,
417 857 564 906 inquit,
605 856 776 907 agimus,
817 865 860 895 ut
895 855 1094 895 historiam.
1127 855 1363 903 scribamus,

252 940 389 978 resque
426 936 582 978 propter
618 935 839 965 vetustatem
877 927 1066 975 plerisque
1108 926 1254 974 ignotas
1294 936 1365 974 pro

253 1000 353 1038 virili
377 1008 480 1048 parte
501 1008 795 1050 persequamur,
822 1007 964 1044 easque
987 995 1163 1036 dictionis
1186 995 1367 1044 elegantia

251 1071 480 1117 illustratas,
510 1076 687 1117 quantum
711 1067 790 1107 fieri
813 1066 978 1115 poterit,
1005 1078 1051 1108 ex
1067 1065 1192 1105 verbis
1218 1056 1367 1104 eorum·

253 1153 328 1190 que
359 1148 576 1189 structura,
625 1138 783 1186 aliisque
812 1149 910 1186 quae
933 1137 978 1176 ad
1003 1135 1077 1177 hoc
1106 1135 1278 1184 faciunt,
1324 1144 1369 1174 ut

254 1210 374 1249 oratio
407 1208 611 1248 lectoribus
639 1208 808 1247 videatur
840 1207 1061 1246 suavitatem
1101 1206 1265 1255 habere,
1309 1215 1372 1244 ut-

257 1293 331 1330 que
360 1281 411 1318 ita
449 1280 502 1318 ilii
541 1290 625 1318 cum
667 1279 859 1327 voluptate
897 1289 1020 1316 rerum
1061 1277 1226 1326 peritiam
1273 1288 1374 1316 asse·

256 1359 433 1399 quantur.
486 1350 667 1388 Omnium.
685 1359 775 1387 vero
797 1348 954 1386 maxime
988 1347 1236 1397 scriptoribus
1260 1359 1371 1386 curae

256 1434 338 1462 esse
381 1421 490 1461 debet
534 1431 677 1458 summa
722 1418 910 1467 diligentia
953 1427 989 1455 et
1031 1417 1200 1457 studium
1237 1428 1369 1456 verum

255 1491 427 1538 dicendi,
453 1492 488 1530 si
514 1490 613 1528 credi
639 1489 757 1528 velint
785 1489 830 1527 ab
862 1487 909 1528 iis
936 1500 957 1528 a
997 1488 1136 1536 quibus
1172 1488 1370 1537 leguntur,

258 1561 325 1610 qui
355 1562 448 1600 adeo
474 1561 582 1609 plane
619 1559 792 1599 nesciunt
816 1570 863 1597 an
892 1558 1033 1599 factum
1058 1559 1213 1607 aliquod
1231 1559 1370 1599 factum

257 1632 308 1670 sit
342 1642 409 1669 nec
437 1641 486 1672 ne
514 1630 597 1679 (ι).

301 1701 493 1752 Josephus
526 1711 614 1750 ergo
651 1701 734 1750 jure
761 1708 917 1738 conatus
950 1708 1007 1738 est
1039 1699 1217 1739 Romanis
1255 1701 1374 1740 Grae,

255 1771 388 1820 cisque
418 1772 592 1820 placere,
620 1778 662 1809 ut
695 1780 761 1808 sua
795 1780 907 1818 opera
936 1769 983 1808 iis
1017 1778 1118 1818 grata
1149 1770 1303 1814 fierent3
1334 1778 1374 1809 et

256 1842 426 1892 quamvis
465 1852 739 1891 nonnumquam
778 1841 819 1877 in
857 1840 967 1878 hacce
1012 1851 1055 1878 rc
1090 1827 1250 1880 alterius
1283 1851 1372 1892 pro-

255 1923 402 1961 gressus
431 1911 481 1949 sit
494 1938 508 1958 ,
532 1909 618 1948 inde
647 1918 772 1948 tamen
805 1909 882 1958 cy'us
919 1911 1129 1949 auctoritas
1165 1909 1226 1948 nil
1253 1906 1372 1949 detri-

260 1983 376 2020 menti
399 1981 550 2030 accipit.

296 2140 345 2177 (1)
370 2139 419 2168 Cf.
443 2140 513 2169 Ant.
534 2139 606 2177 Jud.
626 2139 707 2170 XIV.
732 2147 758 2169 1.
781 2136 813 2178 §.
839 2149 865 2169 1.

1267 2340 1306 2387 §-
1334 2341 1374 2378 6.
