1487 2703
241 173 286 208 34
466 152 1144 194 COMMENTATIO

243 269 275 305 D
292 268 300 303 i
317 279 339 303 o
355 265 589 302 scorides
612 263 664 301 Π.
695 263 820 300 labore
847 260 1034 299 indefesso
1063 262 1124 300 diu
1147 270 1349 299 tentaverat

244 338 467 372 Solmomm
504 336 683 371 cuum-am
729 333 926 378 inducere3
973 339 1057 368 ante
1104 334 1202 380 1764
1241 340 1363 368 tamen

244 406 408 442 nondum
448 403 700 440 introductum
740 401 858 439 fuisse
900 400 1031 439 fertur.
1097 401 1235 438 Solana
1274 412 1362 438 vero

241 475 309 512 Αἵ
342 486 440 520 1747
472 473 522 509 ibi
555 472 703 521 cognita
725 471 901 517 fuerunt,
930 470 1063 508 etenim
1095 470 1168 508 h'oc
1193 479 1362 519 tempore

244 545 432 591 Skytse
460 543 630 590 spiritum
658 541 736 578 vini
760 553 804 578 ex
844 541 888 578 iis
917 540 1103 578 destillare
1133 539 1361 588 proposuit,

244 623 285 650 nt
316 613 540 650 frumentum
563 640 574 657 ‚
604 621 692 648 tunc
717 622 850 659 magno
880 610 1000 658 pretio
1022 638 1034 657 ,
1062 618 1266 658 parcerent.
1321 609 1365 646 In

244 689 432 726 vicinitate
472 665 691 737 Alcinglezs
726 687 848 734 primo
877 686 975 723 culta
1013 697 1095 723 esse
1142 693 1364 733 autumant;

244 770 355 807 atque
395 758 591 806 perhibent
627 758 797 795 nonnulli
821 759 893 806 Jam
938 758 1009 793 A0.
1056 758 1162 803 1716
1201 756 1245 794 ab
1288 755 1368 794 Al-

246 832 530 873 stromero‚
569 827 743 864 Solasmm
785 826 992 863 tuberosum
1032 825 1081 862 L.
1119 824 1158 861 in
1197 824 1367 861 Sueciam

249 900 407 936 delatum
434 897 568 935 fuisse.

303 969 341 1007 in
384 967 579 1013 Norvegia
612 975 732 1002 autem
762 975 833 1002 tam
867 966 967 1002 lento
1005 976 1117 1012 passu
1145 973 1371 1012 progressus

251 1037 365 1083 fecit,
396 1046 436 1074 ut
462 1045 687 1074 asseveraret
711 1046 809 1072 von
837 1035 974 1072 Buch
998 1046 1038 1072 ea
1074 1034 1140 1073 ΛΟ.
1176 1036 1273 1081 1762
1309 1043 1374 1081 pa-

251 1120 330 1145 rum
372 1097 482 1144 modo
512 1105 563 1143 ibi
593 1105 819 1143 innotuisse,
848 1103 917 1153 (1)

302 1178 408 1226 Quae
434 1177 611 1215 Russiam
634 1184 830 1224 spectant,
850 1175 994 1212 monuit
1029 1173 1257 1211 William
1284 1172 1377 1210 Ho-

252 1249 442 1294 wison‚
470 1259 511 1286 se
539 1246 608 1285 ΑΟ.
638 1250 732 1294 1819
763 1245 903 1283 incolas
932 1245 1078 1282 Solam‘s
1103 1251 1278 1291 tanquam
1300 1241 1378 1280 cibi

256 1318 310 1354 uti
340 1328 538 1363 numquam
568 1316 706 1352 vidisse
724 1343 736 1361 ‚
779 1315 845 1352 sed
872 1314 1021 1361 quidem
1049 1313 1170 1361 amylo
1206 1325 1251 1352 ex
1274 1311 1378 1350 hisce

256 1396 382 1434 parato
400 1415 412 1431 ‚
457 1385 557 1433 quod
573 1385 610 1421 in
638 1384 793 1422 officinIs
821 1384 1029 1422 Moscoviae
1052 1384 1180 1422 venale
1203 1383 1381 1431 proposi·

257 1467 335 1494 tum
367 1455 465 1501 fuit,
495 1464 530 1491 et
557 1455 641 1491 laeti
673 1453 877 1491 admixtum
903 1454 962 1490 vel
984 1464 1098 1490 succo
1127 1451 1378 1500 ribesiomm,

261 1526 441 1564 saccharo
470 1533 541 1562 etc.
582 1524 713 1562 additis
754 1524 884 1573 (blanc
909 1533 945 1561 et
975 1535 1087 1572 rouge:
1116 1520 1296 1572 manger)
1322 1523 1385 1560 ad-

264 1597 480 1635 hibuerunt.
559 1596 629 1634 Est
679 1594 729 1631 ibi
765 1605 888 1631 revera
925 1594 1054 1632 Solam'
1101 1591 1264 1630 tuberosi
1305 1593 1385 1630 cul-

264 1677 347 1705 tura
362 1694 374 1713 ,
393 1664 563 1713 quamvis
582 1693 594 1711 ‚
622 1665 675 1701 uti
693 1672 860 1700 statuunt
878 1691 891 1710 ‚
905 1664 977 1712 jam
997 1671 1081 1700 ante
1111 1674 1156 1711 33
1170 1672 1286 1700 annos
1309 1661 1377 1711 (ab

268 1739 340 1775 hoc
379 1743 567 1783 tempore)
600 1745 713 1780 nota,
755 1734 857 1780 parvi
894 1743 1035 1771 tantum
1082 1733 1287 1779 momenti,
1328 1742 1383 1770 at·

269 1819 342 1854 que
375 1816 451 1844 non
474 1803 714 1841 obstantibus
738 1803 1060 1841 exhortationibus
1086 1801 1280 1850 repetitis,
1301 1803 1380 1851 jus-

264 1889 310 1914 su
337 1875 604 1924 praesidiisque
630 1873 756 1911 inuitis
773 1902 785 1919 ‚
828 1874 953 1919 quales
980 1872 1149 1910 debuerit
1181 1882 1378 1919 processus

268 1957 342 1984 non
369 1946 479 1992 feeit,
496 1945 671 1981 ulteriore
699 1954 817 1980 tamen
841 1954 1005 1990 tempore
1031 1943 1088 1980 Pe
1103 1951 1116 1978 t
1131 1942 1166 1978 ri
1189 1941 1378 1988 contigit,

1340 2019 1382 2048 ut

313 2117 362 2153 (1)
385 2117 432 2144 Cf.
453 2120 573 2154 Encyco'.
596 2119 680 2146 Brit.
702 2119 723 2146 l.
752 2125 780 2146 c.
805 2118 935 2145 Sshwei-I.
961 2117 1118 2145 Abhandl.
1141 2116 1223 2143 Band
1242 2115 1291 2143 IX.
1314 2120 1380 2149 pag.

275 2181 339 2202 Ωιι.
361 2182 391 2201 e:
412 2175 491 2201 Band
511 2175 627 2202 XXXIX
639 2182 705 2208 pag.
723 2183 791 2209 229.
814 2177 869 2200 The
897 2173 1081 2201 Gardener's
1101 2174 1291 2208 Magazine,
1313 2172 1383 2200 Vol.

281 2233 332 2259 ΓΙ.
356 2240 421 2265 ρας.
447 2239 513 2266 595.
