1487 2703
348 169 905 242 'erssRARIru
1162 200 1213 247 65

96 302 315 364 potestatem
350 324 452 352 suam
488 322 571 350 eum
598 311 830 359 redigerent,
874 320 1033 357 eumque
1064 307 1210 359 suppli-

96 385 158 423 cio
188 384 410 431 adficerent3
462 383 526 421 sed
566 382 611 420 ab
649 383 717 421 alia
745 389 847 430 parte
883 379 1072 426 Romani,
1114 391 1208 427 quo-

96 453 166 492 ties
204 454 342 492 cladem
375 452 611 501 acciperent,
654 453 826 503 Josepho
866 451 957 488 illud
1001 449 1207 498 imputave-

94 531 207 571 runt,
235 535 276 562 ac
300 523 332 561 si
358 535 402 561 ex
426 524 506 573 eJ'us
530 521 743 571 proditione
771 520 994 566 accidisset,
1028 518 1205 567 quoniam

93 593 231 632 nullam
263 593 297 631 ei
322 592 431 631 fidem
465 592 675 640 habebant3
725 601 803 629 tum
834 602 978 639 semper
1008 590 1207 637 imperato-

94 674 169 701 rem
201 664 435 713 appellabant
470 674 629 710 eumque
666 660 938 707 obsecrabant,
988 668 1030 697 ut
1065 669 1205 708 poenas

93 732 138 770 de
166 732 332 782 Josepho
363 741 527 781 caperet.
583 732 655 770 Sed
690 730 831 777 Titus,
874 728 938 776 qui
975 728 1063 766 belli
1095 727 1207 766 vicis-

92 801 274 840 situdines
309 813 409 840 nunc
447 802 627 839 secundas
646 829 660 846 ,
686 811 784 838 nunc
817 798 1013 844 adversas,
1041 808 1118 835 non
1141 797 1206 844 yad-

92 861 277 911 scribebat
312 872 504 920 Josepho,
534 871 600 920 qui
634 870 707 908 sibi
742 871 816 919 jam
844 876 943 906 tanta
978 866 1062 905 fidei
1101 867 1207 914 signa

91 950 128 981 et
154 942 365 980 testimonia
395 941 636 991 praebuerat,
667 939 824 978 militum
855 937 1018 975 furorem
1044 945 1078 974 et
1108 936 1203 973 viam

91 1023 237 1061 semper
264 1011 453 1061 mitigabat
489 1021 648 1058 eumque
682 1009 717 1047 in
751 1009 894 1047 honore
920 1007 1055 1044 habere
1078 1016 1206 1054 perge-

89 1080 168 1119 bat.
215 1081 404 1131 Josephus
435 1080 542 1119 etiam
572 1080 622 1117 ita
650 1079 683 1117 ei
709 1077 881 1127 profuit,
908 1086 949 1114 ut
967 1104 980 1123 ,
1006 1086 1089 1113 cum
1117 1083 1206 1123 post

88 1151 225 1199 praelia
265 1152 477 1198 horrenda,
529 1160 749 1198 pugnasque
802 1148 997 1186 acerrimas
1060 1146 1205 1183 tandem

90 1220 182 1258 urbs
214 1229 431 1268 caperetur,
485 1231 505 1258 a
541 1219 633 1258 Tito
666 1227 890 1267 potestatem
926 1217 1108 1264 acceperit
1141 1217 1209 1254 eli·

89 1291 200 1340 gendi
239 1302 284 1330 ex
320 1292 450 1339 praeda
495 1289 676 1339 quicquid
710 1289 834 1326 vellet.
913 1280 1079 1335 Rogavit
1115 1295 1206 1323 tunc

88 1361 226 1400 nullam
268 1360 528 1408 divitiarum,
561 1358 703 1407 argenti
737 1357 865 1396 aurive
911 1355 1084 1404 copiam,
1139 1353 1206 1393 sed

90 1431 270 1470 codicem
297 1429 479 1468 librorum
512 1440 726 1476 sacrorum,
772 1429 837 1475 qui
875 1428 912 1465 in
939 1426 1030 1464 urbe
1065 1424 1208 1463 inveni-

89 1510 215 1548 retur,
243 1502 350 1550 cujus
375 1500 409 1539 ei
445 1511 538 1538 usus
564 1500 649 1537 deni
679 1507 779 1537 certe
816 1490 971 1545 rnagnus
1006 1494 1078 1534 fuit
1117 1494 1204 1543 (1).

88 1573 260 1611 Parentes
288 1572 366 1621 ejus
394 1571 432 1608 in
458 1570 549 1609 urbe
573 1578 679 1618 capta
705 1568 784 1607 sine
815 1567 929 1606 dubio
967 1574 1122 1603 mortem
1151 1565 1208 1601 in-

88 1650 300 1689 venerunt,
353 1642 454 1680 nuHa
499 1642 626 1678 sasteni
672 1650 799 1677 eorun1
839 1637 882 1675 fit
922 1637 1088 1682 rnenfio,
1142 1633 1209 1672 sed

92 1713 208 1761 quum
243 1713 362 1751 adhuc
412 1712 596 1749 viventem
644 1708 847 1747 invenisset
895 1705 990 1743 inter
1037 1703 1206 1752 captivos

91 1792 285 1825 unumex
320 1779 527 1827 fratribus,
556 1792 575 1817 a
604 1779 696 1817 Tito
734 1779 845 1827 hujus
870 1776 1072 1813 libertatem
1116 1774 1207 1823 peti«

23 1875 29 1881 ·
90 1852 147 1890 vit
179 1851 364 1898 simulque
397 1852 597 1889 amicorum
640 1847 936 1897 quinquagintaz-
989 1845 1088 1894 quod
1131 1853 1207 1880 non

92 1921 205 1960 modo
237 1920 407 1958 lubenter
436 1920 468 1958 ei
501 1919 668 1969 permisit
693 1919 888 1956 Romanus
913 1915 978 1954 sed
1002 1924 1037 1952 et
1061 1916 1091 1951 ei
1118 1925 1207 1951 con-
1238 1906 1241 1909 ¹

90 1991 205 2031 cessit
233 2000 452 2040 potestatem
492 1991 529 2029 in
564 1992 738 2038 templum
780 1986 1033 2034 ingrediendi,
1062 1986 1097 2021 in
1132 1994 1206 2030 quo

91 2062 234 2101 inclusa
270 2071 344 2099 erat
376 2073 505 2110 magna
537 2060 762 2108 captivarum
797 2059 990 2095 mulierum
1016 2065 1048 2092 et
1074 2066 1206 2102 puero-

92 2133 431 2181 run11nu1utudo,
478 2132 605 2179 ibique
639 2138 827 2178 quotquot
862 2127 1042 2163 invenhet
1075 2124 1191 2160 amuco

97 2213 179 2240 rum
207 2212 242 2240 et
274 2201 531 2249 familiarium,
577 2193 703 2239 hosce*
727 2210 854 2236 onmes
891 2195 1097 2241 liberandi,
1129 2194 1209 2240 qui-

1139 2263 1210 2300 bus

138 2339 191 2378 (1)
212 2342 304 2372 Conf.
313 2341 343 2371 in
354 2342 415 2372 vita
429 2344 454 2380 §.
466 2350 513 2379 75.
522 2349 551 2372 et
562 2341 638 2370 infra
648 2350 714 2377 cap.
724 2341 760 2370 11.
772 2338 860 2373 hujus
869 2333 1133 2367 commentationis
1143 2328 1172 2370 §0
1183 2335 1212 2362 6.

152 2410 277 2438 norw.
556 2416 560 2420 >
641 2399 671 2441 E
