1487 2703
214 217 262 253 16
421 207 1079 255 COMMENTA‘MO

209 332 366 368 contra,
393 321 485 369 quid
511 322 670 360 valerent
692 322 848 371 Judaei,
888 324 1028 372 quibus
1059 336 1145 366 cum
1177 327 1313 367 talibus

209 391 385 430 hostibus
417 401 515 430 esset
546 392 808 432 dimicandum.
869 393 922 431 At
954 393 1092 434 frustra
1124 397 1316 448 Josephus

209 469 245 498 et
271 461 331 499 alii
363 472 471 509 quam
511 461 658 510 plurimi
694 462 778 500 talia
811 473 939 501 eorum
977 465 1164 505 mentibus
1199 467 1319 507 incul-

211 541 295 569 care
339 531 589 578 studuerunt;
642 541 884 578 pervenerant
927 534 1001 583 jam
1048 536 1093 573 ad
1133 547 1317 575 summum

211 601 362 650 gradum
389 601 456 656 iga„
471 609 507 638 et
537 600 767 650 indignati03
794 601 869 640 imo
893 613 1021 641 omnes
1046 605 1111 652 qui
1133 616 1210 643 non
1231 617 1317 644 cum

208 671 285 711 illis
315 669 497 709 faciebant
533 671 663 708 hostes
699 671 908 710 habuerunt
933 672 1184 722 Judaeorum,
1237 673 1320 712 Ro-

212 752 478 787 manorumque
517 741 679 787 amicos,
732 741 950 790 abreptique
975 741 1104 780 futore
1135 754 1320 782 nonnum-

213 822 324 859 quam
358 821 422 848 eos
455 809 747 858 interfecerunt3
786 822 862 858 quo
886 810 1026 849 factum
1061 821 1118 851 est
1153 822 1194 852 ut
1213 813 1322 863 Jose-

210 882 337 930 phus,
364 880 436 917 hoc
462 879 568 918 etiam
598 889 762 917 metuens
794 880 832 918 in
854 880 1030 920 interiora
1050 884 1180 931 templi
1204 891 1320 922 semet

211 949 510 997 abscondiderit,
563 957 605 986 ut
646 948 695 986 ita
728 960 808 987 sese
846 949 1013 987 manibus
1057 951 1320 989 seditiosorum

212 1019 458 1059 subtraheret.

260 1089 375 1128 Paulo
408 1096 496 1136 post
524 1096 644 1125 autem
671 1098 755 1125 cum
792 1088 1059 1135 Menahemus‚
1100 1089 1165 1136 qui
1193 1101 1235 1127 se
1261 1101 1324 1129 ca·

213 1167 282 1208 put
318 1167 354 1195 et
389 1155 545 1205 signifer
582 1157 775 1195 seditionis
811 1157 1078 1206 constituerat,
1119 1167 1157 1198 et
1184 1159 1253 1208 (1)
1277 1160 1324 1199 de

214 1240 291 1276 quo
324 1236 443 1265 metus
469 1227 541 1276 Jam
577 1228 677 1274 apud
707 1228 889 1275 populum
923 1236 999 1266 erat
1031 1239 1079 1266 ne
1102 1229 1193 1266 alter
1222 1227 1322 1267 foret

214 1309 394 1347 tyrannus
426 1307 514 1346 post
546 1297 648 1335 Flori
688 1298 864 1344 caedem,
915 1297 954 1334 in
988 1297 1074 1336 odio
1109 1299 1208 1346 apud
1242 1309 1323 1335 om-

213 1380 280 1407 nes
315 1377 435 1415 esset,
490 1367 710 1413 tandemque
747 1367 920 1413 occisus,
972 1375 1090 1414 tunc,
1138 1366 1320 1414 inquam,

214 1451 298 1477 cum
345 1438 571 1485 aliquantum
611 1447 682 1484 pax
730 1436 1051 1484 tranquillitasque
1088 1448 1154 1484 per
1194 1436 1320 1474 urbem

215 1508 405 1546 restitutae
437 1513 585 1552 essent,
620 1505 810 1554 Josephus
848 1506 941 1543 clam
977 1506 1116 1553 templo
1153 1515 1324 1553 egressus

216 1587 299 1625 est,
326 1577 535 1623 iterumque
571 1586 656 1613 cum
686 1574 789 1612 urbis
813 1573 996 1624 prImariis
1023 1575 1068 1613 de
1101 1574 1240 1614 civium
1269 1586 1328 1613 sa·

217 1651 294 1686 inte
327 1649 402 1695 egit
429 1644 515 1695 (2).

269 1719 366 1757 Cum
403 1726 523 1755 autem
560 1727 686 1753 rumor
720 1723 818 1753 esset
842 1714 1011 1754 Cestium
1047 1714 1226 1763 Gallum,
1255 1715 1327 1764 Sy-

1253 1796 1326 1823 riae

256 1896 315 1934 (ι)
336 1896 383 1923 Cf.
406 1896 484 1923 Bell.
502 1894 573 1933 Jud.
594 1894 634 1922 11.
658 1900 706 1928 17.
727 1888 756 1929 §.
779 1895 816 1927 8,
837 1900 867 1928 9.

257 1956 311 1991 (2)
333 1954 422 1989 Apud
448 1955 580 1982 Graecos
606 1958 637 1980 et
665 1952 820 1979 Romanos
843 1949 955 1983 templa
980 1948 1163 1976 habebantur
1184 1955 1241 1982 pro
1263 1954 1329 1982 asy-

218 2012 267 2042 lis.
305 2012 356 2039 Cf.
378 2012 503 2045 Nepos,
525 2009 557 2037 in
573 2009 629 2037 vit.
646 2009 730 2036 Paus.
754 2016 782 2041 5.
824 2007 890 2034 Hoc
905 2007 975 2034 loco
991 2005 1072 2033 idem
1094 2005 1173 2039 apud
1193 2005 1328 2042 Judaeos

220 2068 386 2098 obtinuisse
418 2067 556 2101 videtur,
592 2066 674 2101 quod
700 2071 798 2093 tamen
827 2071 933 2097 secus3
971 2062 1008 2090 iis
1042 2062 1121 2091 euim
1151 2068 1206 2089 sex
1237 2061 1328 2089 urbes

221 2132 326 2159 erant,
348 2131 421 2158 quae
450 2123 597 2151 habebant
622 2121 669 2155 jus
687 2123 850 2156 asylorum.
881 2121 916 2148 V.
938 2120 1005 2156 Jos.
1026 2121 1098 2147 Ant.
1120 2118 1175 2146 IV.
1194 2121 1224 2147 8.
1248 2114 1277 2154 §.
1294 2127 1324 2154 4.

221 2183 269 2210 Cf.
297 2176 387 2209 Num'.
407 2189 453 2215 35.
472 2183 502 2210 6.
530 2179 661 2208 Videtur
676 2178 766 2212 igitur
780 2177 933 2214 Josephus
951 2175 1037 2203 aliam
1054 2175 1094 2203 ob
1110 2172 1225 2204 c'ausam
1243 2181 1275 2202 se
1296 2173 1327 2202 in

222 2238 327 2273 templi
352 2237 495 2266 interiora
519 2235 720 2270 subtraxisse,
751 2241 838 2268 quam
863 2239 960 2263 tamen
981 2231 1118 2266 indagare
1145 2237 1244 2260 nostra
1267 2236 1329 2259 non

224 2297 327 2325 refert.
