1544 2693
272 172 329 217 511
483 167 662 214 HERM.
694 165 820 212 JoH.
851 163 1169 210 ROYAARDS

278 313 369 349 tore
403 302 654 347 fidelissimo.
717 300 766 343 In
806 298 958 355 quibus
996 311 1095 342 sane
1126 294 1394 340 recensendis

279 387 445 448 paterni
486 386 546 430 tui
576 384 703 429 animi
733 383 920 427 dolorem
953 382 1168 439 lugemus,
1211 378 1399 438 Amplis-

281 471 383 515 sime
424 465 867 523 Swellengrebel‚
911 464 977 508 cui
1010 478 1187 522 magnae
1224 461 1315 522 spei
1343 461 1402 505 fi-

283 553 382 596 lium
411 565 526 594 mors
557 549 720 608 eripuit.
779 548 847 592 Tu
876 562 977 592 vero
1006 555 1080 591 tuo
1108 561 1186 591 nos
1222 544 1401 590 docuisti

286 635 476 694 exemplo
502 647 678 690 aequam
703 645 868 676 servare
893 630 938 674 in
960 630 1088 675 rebus
1112 629 1254 674 arduis
1278 643 1402 674 men*

287 729 369 766 tem
387 752 398 773 ‚
428 725 468 763 et
495 717 627 774 qualis
653 723 891 773 quantaque
914 714 967 758 sit
994 713 1226 772 Religionis
1251 712 1402 757 Chris-

287 805 426 849 tianae
449 802 536 856 vis,
569 815 675 858 quae
704 799 748 843 in
779 798 924 843 mediis
955 798 1063 842 vitae
1098 797 1402 842 calamitatibus

290 888 534 946 depressum
563 884 744 928 animum
773 882 827 926 ad
853 882 1047 926 coelestia
1079 880 1237 926 evehat.

347 1051 444 1095 Jam
484 1048 663 1092 molliter
703 1061 799 1091 ossa
834 1046 1015 1091 cubant!
1086 1045 1271 1097 Havete,
1310 1045 1406 1103 piae

292 1135 584 1180 defunctorum
632 1131 792 1176 animae
810 1163 822 1182 ,
875 1130 1074 1189 ipsaeque
1123 1143 1198 1174 vos
1241 1129 1407 1186 lugeant

292 1220 439 1264 Musae
465 1214 765 1260 Academicae!

409 1385 684 1441 (Concentus
717 1382 777 1422 M
776 1383 1008 1423 asinorum
1042 1380 1294 1437 lugubri-3.)

759 1580 961 1596 eoe—

356 1732 517 1776 Horum
564 1730 803 1773 recordatio
848 1729 1042 1786 juvenum
1085 1728 1129 1770 in
1172 1729 1416 1774 memoriam
1523 1743 1526 1782 4

298 1821 471 1861 revocat
500 1813 777 1857 Henricum
804 1813 918 1856 illum
949 1827 1043 1856 van
1072 1813 1314 1868 Belkum‚
1346 1821 1419 1871 qui
1522 1803 1525 1814 ’

302 1897 508 1959 superiori
550 1897 656 1941 festo
702 1896 956 1941 Academico
1002 1896 1164 1940 Victori
1201 1897 1418 1956 proximus

302 1981 639 2028 renunciabatur.
697 1982 834 2038 Quam
867 1980 1033 2037 fragiles
1071 1979 1153 2024 sint
1188 1980 1295 2025 vires
1333 1981 1418 2025 hu·-

302 2080 476 2119 manae,
511 2065 593 2109 hoc
620 2064 679 2107 ita
708 2071 747 2108 et
775 2078 849 2108 vos
877 2062 1105 2122 reputetis,
1146 2062 1336 2107 Victores
1374 2064 1419 2110 in

304 2149 529 2195 certamine
558 2147 766 2192 literario!
804 2147 856 2191 ad
884 2161 990 2204 quos
1020 2161 1086 2190 me
1107 2146 1192 2204 jam
1223 2161 1313 2191 esse
1341 2147 1419 2191 de-

303 2236 457 2286 latum,
486 2232 607 2290 gestit
631 2232 804 2277 animus.
869 2231 975 2275 Sunt
1004 2230 1107 2278 mihi
1138 2230 1258 2276 vobis
1291 2245 1418 2291 prae-
