1487 2703
53 780 70 845 ζα*

427 169 941 213 LITERARIA.
1171 185 1244 224 105

127 287 210 328 tes,
256 279 397 328 quique
428 281 550 319 omnia
586 282 781 330 superbiae
818 283 916 320 illius
953 281 1125 332 Judaicae
1158 294 1242 320 ves-

129 349 240 398 tigia,
269 361 362 397 quae
382 352 580 389 etiamnum
607 354 705 400 apud
736 364 817 390 eum
852 354 1024 400 aderant,
1052 353 1237 400 delerent,

129 426 241 465 atque
276 420 352 458 veri
384 421 550 469 bonique
582 434 737 461 amorem
769 424 883 471 magis
921 423 1029 461 etiam
1056 424 1093 460 in
1115 435 1160 462 eo
1182 436 1243 462 ex-

127 487 297 527 citarent.
673 487 675 489 ’

133 587 137 592 ,
179 557 222 596 In
252 559 325 597 vita
361 561 562 599 domestica
594 561 681 600 felix
702 591 714 609 ,
741 564 852 600 nullis
889 564 1030 603 afflixus
1064 565 1248 602 calamita·

129 626 262 676 tibus,
289 631 327 667 in
364 631 486 669 studia
514 632 706 680 incubuit,
735 645 864 672 omnes
896 634 991 671 vires
1034 635 1245 672 intendens.

124 697 246 747 'Quod
283 710 402 738 autem
438 702 510 750 iam
549 711 652 739 antea
689 703 833 740 Romae
875 703 993 741 facere
1033 704 1257 752 inceperat,

129 767 224 806 illud
264 769 414 807 minime
455 779 543 809 tunc
592 772 784 820 neglexit3
836 784 994 820 namque
1045 774 1248 820 scriptores

130 847 324 877 extraneos
354 849 607 887 perscrutatus
649 850 730 886 est,
757 853 834 879 non
870 844 982 879 modo
1016 842 1182 880 Graecos
1211 851 1248 880 et

129 906 324 946 Romanos
355 910 422 948 sed
453 909 559 948 etiam
596 913 735 949 multos
780 913 901 959 aiios,
953 913 1050 949 inter
1084 913 1247 951 diversas

132 986 170 1016 et
198 979 462 1018 remotissimas
499 990 626 1027 gentes
671 991 862 1030 extantes;
917 992 959 1020 ut
1004 982 1053 1020 ita
1090 982 1169 1019 sive
1204 983 1250 1020 acl

133 1059 260 1087 eorum
295 1052 462 1098 exempla
495 1062 576 1088 sese
606 1050 819 1090 informaret
843 1052 922 1090 sive
943 1063 986 1089 ex
1010 1052 1053 1089 iis
1074 1060 1248 1099 tanquam

136 1128 182 1155 ex
212 1117 384 1157 fontibus
415 1120 601 1168 hauriret,
638 1121 718 1160 sive
750 1124 864 1159 multa
899 1133 993 1170 quae
1018 1123 1062 1160 ab
1093 1122 1138 1159 iis
1167 1133 1251 1159 nar-

131 1196 259 1225 rantur
301 1188 491 1228 refutaret.
569 1192 631 1229 Ad
679 1194 852 1241 majorem
898 1192 1061 1230 Graecae
1104 1192 1250 1239 linguae

130 1258 382 1305 cognitionem
425 1260 498 1297 sibi
535 1263 842 1309 comparandam,
896 1263 1098 1300 nonnunos
1138 1262 1248 1310 hujus

129 1325 279 1375 ‘linguae
309 1329 449 1376 peritos
482 1331 527 1368 ad
557 1342 597 1368 se
628 1332 852 1378 arcessivit,
901 1331 965 1379 qni
998 1343 1078 1369 eum
1114 1333 1250 1369 hancce

132 1397 293 1446 linguam
325 1399 499 1438 docerent
526 1399 621 1450 (r);
655 1409 691 1438 et
725 1402 894 1448 quamvis
920 1402 1139 1450 exquisitam
1164 1414 1252 1451 pro-

132 1468 328 1506 nuntiandi
374 1471 551 1508 rationem
593 1473 740 1519 assequi
786 1473 818 1509 ei
857 1483 934 1510 non
980 1473 1111 1518 licuit,
1163 1472 1249 1520 quia

132 1537 271 1586 patriae
298 1538 444 1587 linguae
479 1541 650 1578 obstabat
686 1544 946 1589 consuetudo,
997 1543 1248 1590 grammatices

133 1607 310 1645 elementa
343 1617 463 1647 tamen
500 1609 570 1647 rite
613 1611 762 1659 didicit,
792 1612 840 1649 ita
871 1622 914 1650 ut
942 1612 1109 1652 Graecos
1131 1613 1249 1660 scrip-

132 1683 234 1715 tores
268 1687 398 1726 posset
432 1679 637 1729 intelligere
664 1681 748 1729 (2).
828 1682 912 1719 Hoc
950 1683 1046 1720 enim
1086 1668 1247 1732 probant

132 1755 192 1785 tot
226 1747 338 1796 libri,
369 1761 527 1796 quorum
565 1751 788 1788 mentionem
826 1751 943 1799 facit,
972 1761 1006 1790 et
1032 1754 1078 1791 de
1110 1754 1247 1801 quibus

129 1816 299 1866 judicat,
352 1819 432 1856 sive
462 1830 526 1857 eos
563 1819 760 1858 refutando
793 1821 881 1859 sive·
904 1834 987 1860 cum
1017 1824 1063 1861 iis
1093 1835 1249 1862 consen-

133 1887 274 1927 tiendo.
329 1887 416 1936 Sic,
445 1901 483 1928 v.
515 1901 552 1938 g.
582 1891 735 1928 Homeri
770 1902 915 1929 carmen
950 1894 1093 1941 epicum
1129 1894 1161 1931 ei
1193 1894 1248 1932 in-

133 1959 286 2006 notuit,
313 1958 522 1997 Hesiodum
556 1960 674 2010 legit,
703 1961 937 2001 Herodotum
967 1964 1175 2012 cognovit,
1202 1966 1247 2003 de

133 2029 367 2078 Pythagora,
421 2029 572 2068 Socrate
611 2040 647 2069 et
679 2032 832 2071 Platone
864 2033 1086 2072 mentionem
1131 2034 1246 2081 fecit,

1153 2107 1248 2144 mul-

174 2191 225 2232 (ι)
244 2194 294 2231 Cf,
313 2202 411 2225 contr.
435 2197 494 2231 Ap.
519 2197 546 2226 l.
569 2194 598 2234 §.
620 2204 651 2233 9.

175 2249 227 2288 (ε)
248 2251 298 2281 Cf.
324 2254 397 2282 Ant.
415 2253 478 2290 Jud
511 2254 574 2283 XX.
599 2262 644 2285 ιι.
670 2256 696 2292 5.
719 2264 746 2284 2.
