1544 2693
434 154 1033 208 THEOLOGICA.
1221 182 1294 223 ¹47

170 259 331 299 externe!
355 270 391 300 et
417 264 552 312 vifibili
574 267 682 318 aqud
703 269 826 309 abluti
841 272 988 318 sumus.
1016 276 1073 326 (r.
1103 288 1167 328 73.
1193 283 1284 323 coll.

171 330 258 379 72.)
293 330 438 372 Iccirco
484 335 784 378 Christianorum
831 343 998 386 infantes
1042 348 1154 386 ctiam
1186 347 1282 395 sunt

164 397 412 452 baptizandi:
448 416 535 442 nam
549 434 562 453 ‚
588 419 671 445 cum
703 421 819 460 acque
847 425 892 450 ac
913 413 1038 454 adulti
1069 416 1126 456 ad
1141 418 1280 467 fhedus

160 479 197 508 et
236 470 434 522 Ecclesiam
481 475 557 513 Dei
594 481 811 528 pertineant
827 508 841 530 ,
880 496 1035 542 cumque
1067 489 1146 536 eis,
1197 490 1277 541 (m)
1341 474 1347 478 f

157 549 228 591 per
242 541 465 593 sanguinem
515 546 684 596 Christi,
713 551 782 599 (n)
819 554 978 604 remissio
1007 566 1245 607 pcccatorum
1260 590 1273 609 ,

157 618 193 647 et
229 611 395 663 Spiritus
416 614 575 658 sanctus
594 616 687 665 fidei
710 616 857 668 effector
870 649 883 669 ,
912 635 984 662 non
1007 628 1129 667 minus
1158 643 1273 680 quam

155 678 297 720 adultis
326 685 601 733 promittatur,
623 697 698 737 per
734 689 962 741 Baptismum
996 695 1061 743 (ο)
1087 697 1272 743 Ecclesiae

153 749 231 788 Dei
257 751 444 798 inserendi
462 752 556 800 sunt
570 781 585 802 ,
611 764 648 794 ct
679 757 727 794 ab
753 757 957 808 infidelium
977 763 1104 804 liberis
1133 766 1271 807 discer-

150 819 285 867 nendi,
311 819 438 859 itidem
473 832 516 861 ut
535 851 548 870 ‚
575 826 617 862 in
637 826 768 865 Veteri
792 829 861 881 (p)
885 832 1064 882 findere,
1088 847 1160 887 per
1189 840 1267 882 cir·-

150 889 395 939 cumcisionem
414 890 555 941 fiebat,
582 896 645 932 cui
661 923 673 942 ‚
701 898 743 934 in
761 898 869 938 Novo
890 901 959 952 (q)
976 903 1157 956 foedere,
1174 908 1267 954 sub-

143 957 297 1007 stitutus
324 969 377 1000 est
409 960 634 1012 Baptismus.
666 966 718 1015 (r.
760 969 849 1017 74.)

198 1028 257 1065 De
295 1028 362 1076 (r)
401 1030 525 1070 Coena*
560 1033 715 1073 Domini
745 1036 834 1076 haec
872 1040 1023 1083 docent.
1090 1046 1261 1088 Christus

147 1108 265 1135 omnes
291 1097 419 1146 fideles
453 1099 498 1138 de
534 1103 599 1141 hoc
614 1104 750 1153 fracto
781 1118 880 1159 pane
916 1111 1022 1151 edere
1056 1123 1093 1153 ct
1124 1115 1169 1155 de
1197 1118 1260 1169 (s)

140 1168 266 1218 poculo
296 1168 496 1209 distributo
535 1173 656 1212 bibere
683 1176 788 1225 iusstt
801 1206 816 1226 ‚
853 1181 894 1217 in
917 1181 984 1228 sui
1017 1188 1256 1235 memoriam,

141 1236 275 1276 addita
296 1239 366 1277 hac
389 1241 622 1291 promissione
635 1254 652 1281 .·
672 1248 839 1296 primum
857 1276 870 1296 ,
895 1261 1028 1302 corpus
1051 1252 1163 1300 suum
1192 1256 1253 1305 (t)

1180 1336 1254 1364 non

130 1384 222 1419 sehon
245 1385 376 1413 werden.
404 1386 492 1421 Belg.
522 1389 703 1426 wswendigb
738 1399 800 1420 mee
826 1400 926 1422 water
958 1397 1147 1433 gustasse-hen
1177 1408 1252 1429 were

139 1441 209 1469 den.

169 1500 232 1537 (m)
252 1500 349 1535 Resp.
370 1508 419 1536 74.
444 1486 549 1531 G'erm.
572 1503 606 1530 in
623 1503 687 1531 lem
705 1505 776 1533 blus
788 1505 923 1537 Christi.
945 1509 1031 1545 Belg.
1053 1511 1126 1539 door
1140 1513 1249 1543 chris-

142 1558 171 1585 n·
196 1557 298 1585 Blm.

171 1613 227 1651 (n)
250 1615 348 1649 Resp.
369 1621 418 1652 74.
453 1617 555 1645 Germ.
580 1616 631 1644 dfe
656 1618 798 1654 erlt'fung
823 1628 879 1648 von
899 1621 1036 1653 finden.
1076 1626 1161 1661 nelg.
1197 1627 1247 1655 dit

132 1672 310 1708 verlosfinge
334 1681 393 1701 van
416 1671 471 1700 den
494 1673 622 1707 sonden.

166 1727 218 1767 (0)
238 1730 331 1764 Resp.
360 1738 408 1766 74.
443 1730 568 1759 Addunt
589 1731 698 1760 Germ.
729 1733 777 1759 als
798 1732 852 1760 das
869 1733 975 1763 Bunds
993 1736 1134 1767 zeict'ien.
1155 1740 1241 1775 Belga

129 1788 177 1816 als
200 1787 273 1815 door
298 1788 353 1815 dat
382 1787 487 1815 seekcn
512 1788 562 1815 des
588 1789 746 1818 verbones.

164 1843 224 1881 (p)
244 1844 339 1879 Resp.
361 1850 411 1880 74.
434 1846 535 1874 Germ.
557 1845 746 1874 Testamens.
771 1846 856 1880 Belg.
886 1849 1016 1875 verbont
1041 1849 1104 1885 osu
1136 1852 1243 1880 Testa-

128 1907 219 1930 ment.

163 1957 216 1995 (q)
236 1958 332 1993 Resp.
354 1967 403 1995 74.
427 1958 532 1987 Germ.
557 1960 741 1988 Testament.
761 1960 847 1994 Belg.
869 1960 1036 1992 Verbondt.
1234 1996 1236 1999 ι

160 2014 214 2051 (ν)
235 2015 358 2050 Quaest.
389 2022 437 2049 75.
467 2015 570 2044 Germ.
599 2015 735 2051 heiligen
760 2016 945 2046 Ahendmul.
969 2019 1055 2053 Belg.
1078 2019 1235 2056 heyltghen

130 2071 343 2099 Nachtmaele.

161 2128 208 2166 (s)
229 2128 323 2163 Resp.
346 2136 395 2163 75.
419 2128 482 2157 Lat.
502 2129 607 2163 poculo
635 2128 821 2158 distributo.
852 2130 956 2159 Germ.
983 2131 1092 2165 diesem
1123 2132 1232 2162 Kelclt.

123 2186 206 2219 Be1g.
227 2185 313 2220 desen
341 2185 572 2213 Drinckbcker.

159 2242 209 2278 (t)
229 2241 324 2276 Resp.
347 2248 396 2276 75.
418 2242 482 2270 Lat.
507 2241 589 2277 prius
609 2252 664 2270 non
679 2243 779 2271 minue
795 2249 878 2271 terto
900 2257 934 2264 —
958 2256 994 2265 —-
1015 2247 1232 2280 quam.Germ.

634 2301 718 2338 Ka
1195 2299 1230 2336 fo
