1544 2693
276 162 345 209 156
493 158 1151 201 COMMENTATIO

266 280 359 306 mus.
387 268 457 320 (p)
509 267 696 313 Fructus,
725 279 746 306 e
778 269 992 317 cognitione
1029 270 1099 310 Dei
1130 270 1252 309 omnia
1288 283 1375 320 pro-

262 337 448 382 creantis,
507 335 739 392 sustentantis
782 347 818 376 et
865 338 1125 387 gubernantis,
1170 340 1374 389 percipien-

263 408 334 444 dus
351 416 476 453 ‚resp.
508 408 570 443 28.
599 407 768 444 laudatur
792 407 877 455 hic,
905 418 947 446 ut
985 412 1025 446 in
1048 408 1208 459 adversts
1227 411 1373 461 patien-

261 485 339 522 tes,
365 477 406 512 in
433 474 605 522 secundis
626 477 737 525 grati
747 476 888 524 simus,
915 480 1149 525 infuturum
1169 492 1255 518 vero
1279 481 1373 530 opti-

261 557 360 583 mam
390 547 431 582 in
464 545 542 583 Deo
565 543 737 594 fidisstmo
764 545 882 584 Patre
894 546 996 598 spem
1022 549 1212 599 repositam
1238 549 1374 588 habea·

262 627 342 652 mus
358 642 371 663 ,
397 624 497 653 certo
523 614 678 661 scientes
700 645 713 664 ‚
739 617 837 654 nihil
863 616 959 664 esfh,
997 618 1096 668 quod
1121 631 1183 657 nos
1216 618 1264 657 ab
1296 621 1373 658 eius

261 698 386 724 amore
407 685 617 736 abstrahat.
671 686 714 724 In
737 688 890 726 hominis
911 687 1135 737 converstone
1154 688 1208 727 ad
1223 688 1344 727 Deum
1357 715 1373 737 ,

261 767 361 804 resp.
390 768 456 804 90.
484 758 697 804 postulatur
734 757 884 794 laetitia
912 759 953 794 in
984 757 1061 796 Deo
1097 767 1133 796 et
1151 756 1294 805 serium
1329 771 1375 797 ac

257 833 467 876 promptum
495 822 656 874 studium
679 825 889 874 instituendi
918 828 1035 863 vitam
1058 825 1112 864 ad
1140 826 1214 864 Dei
1245 828 1374 866 volun-

261 902 393 932 tatem.
422 892 489 943 (q)
523 894 565 932 111
585 894 758 945 precibus
785 895 862 933 Deo
880 896 1134 944 placentibus,
1164 909 1262 945 resp.
1283 909 1370 945 117.

260 963 347 1001 coll.
381 973 474 1009 120,
507 974 590 1000 121.
631 962 858 1009 requiritur,
899 973 939 1000 ut
974 963 1153 1012 promissa
1192 965 1290 1003 bona
1322 966 1370 1004 ab

262 1045 300 1072 eo
323 1041 491 1081 petamus
516 1039 552 1068 et
578 1033 708 1070 intimo
728 1042 876 1069 nostrae
897 1032 1124 1083 indigentiae
1144 1047 1189 1072 ac
1204 1034 1374 1082 miseriae

253 1101 366 1148 fimsa
404 1113 465 1139 nos
490 1103 532 1138 in
553 1101 740 1153 conspectu
778 1101 928 1140 divinae
966 1104 1174 1152 Majestatis
1191 1104 1373 1157 supplices

261 1172 503 1219 abiiciamus,
542 1181 618 1208 non
647 1171 887 1218 dubitantes,
925 1172 1016 1221 quin
1057 1173 1177 1212 Pater
1214 1176 1373 1215 coelestis

264 1257 349 1290 nos,
385 1254 611 1293 quamquam
651 1241 846 1291 indignos,
895 1253 1051 1294 propter
1097 1244 1287 1284 Christum
1322 1245 1373 1294 stt

261 1313 526 1353 exauditurus.
578 1312 620 1350 In
652 1323 749 1361 pane
772 1321 893 1350 nostro
912 1312 1126 1363 quotidiano
1150 1314 1371 1365 expetendo,

263 1395 363 1431 resp.
396 1391 481 1429 125.
510 1381 548 1419 id
583 1381 738 1418 maxime
775 1381 935 1429 spectare
967 1383 1166 1430 iubemur,
1208 1393 1250 1422 at
1269 1383 1372 1431 fidu-

261 1457 357 1491 ciam
384 1461 572 1497 nostram,
599 1451 646 1487 ab
670 1450 831 1489 omnibus
853 1453 1040 1490 creaturis
1074 1452 1243 1500 aversam
1260 1481 1273 1500 ‚
1300 1454 1372 1492 col·

260 1523 410 1561 locemus
446 1523 486 1558 in
515 1520 620 1566 Deo,
647 1522 751 1557 unico
776 1520 885 1568 fimte
901 1548 914 1566 ‚
940 1530 984 1557 ex
1024 1534 1094 1572 quo
1132 1523 1252 1559 omnia
1278 1522 1372 1561 bona

264 1600 454 1631 emanant.
489 1589 667 1628 Precibus
693 1589 833 1627 nostris
849 1590 1021 1628 addentes
1043 1592 1210 1629 voculam
1234 1595 1369 1631 amen!

263 1661 448 1707 dicimur,
469 1670 570 1707 resp.
607 1671 690 1707 129.
717 1658 907 1707 profiteri,
932 1661 1180 1710 precationem
1205 1669 1369 1698 nostram

263 1731 457 1780 certissime
480 1742 505 1767 a
531 1729 610 1767 Deo
634 1727 704 1775 esse
730 1728 960 1766 exauditam.

315 1800 414 1839 Huic
451 1799 549 1838 laudi
580 1798 701 1836 vicina
730 1808 812 1845 est,
843 1810 935 1845 quae
966 1798 1203 1837 Catechismo
1239 1799 1372 1837 Palati-

262 1883 312 1911 no
343 1869 521 1908 tribuitur
547 1876 767 1916 propterea,
810 1868 937 1915 quod,
979 1867 1016 1904 in
1042 1866 1193 1916 singulis
1233 1868 1371 1906 doctri-

265 1953 331 1980 nae
361 1939 572 1990 capitibus,
615 1936 792 1986 imprimis
830 1937 902 1975 vim
933 1937 1152 1976 demonstrat
1181 1936 1368 1976 salutarem

1326 2008 1371 2045 ad

304 2115 364 2151 (p)
386 2112 479 2141 Cous.
499 2112 614 2139 laudata
632 2118 648 2139 e
669 2117 748 2145 resp.
770 2119 817 2140 αι.
841 2118 908 2145 pag.
934 2117 1006 2145 1:31,
1029 2118 1091 2144 132.
1114 2109 1172 2137 uni
1192 2116 1259 2138 cum
1278 2116 1371 2138 anno·

269 2171 430 2200 nationibus
458 2168 613 2197 subiectis.
1178 2160 1181 2172 ³

307 2229 359 2265 (q)
383 2226 478 2255 conf.
501 2233 569 2261 pag.
593 2231 660 2257 133·
684 2229 749 2252 not.
772 2233 802 2251 r.
