1544 2693
536 193 926 238 ORATIO.
1232 192 1290 240 35

165 325 387 386 proprium
403 358 414 380 ‚
444 333 491 370 ut
524 327 704 385 plurima
741 328 836 372 loca
864 327 1032 373 Codicis
1067 328 1189 374 Sacri
1213 329 1286 374 in-

166 409 264 455 cudi
298 411 550 470 'plerumque
599 412 783 456 solerent·
830 413 1009 462 nummis
1048 414 1205 459 nostris
1243 423 1285 460 et

161 494 495 539 numismatibus.
558 496 782 539 Praeterea
825 511 921 541 vero
955 511 1049 541 cum
1074 497 1287 558 Philip-

162 588 285 638 pum
328 581 504 624 Divum
534 580 909 638 pronunciarent,
942 581 1040 626 ·sive
1077 585 1287 628 invictis-

163 666 356 717 simum,
381 663 488 717 sive,
511 667 587 705 cui
608 666 752 706 omnis
767 666 1209 721 subj‘ectapotesta35
1231 697 1286 705 »-

163 751 240 792 cui
279 765 366 792 non
414 747 579 802 sufficit
630 749 784 801 orbis;
830 773 884 780 ——-
933 749 1132 807 cuiusque
1183 750 1285 796 illud

158 839 280 878 :er-at:
307 834 435 886 veni,
474 834 564 879 vici
577 851 598 884 ;
645 846 732 876 non
766 833 866 877 talia
897 833 1029 879 incisa
1068 834 1286 880 habebant

158 917 442 970 numismata,
467 905 724 961 nostratibus
756 917 907 963 dicata.
970 919 1020 963 In
1049 918 1182 979 ipsius
1207 919 1287 965 Vi-

166 1000 238 1059 glii
264 1000 470 1045 honorem
494 1000 583 1045 Viri
610 1001 846 1060 symbolum
875 1018 1047 1049 nummo
1076 1005 1288 1051 inscribe-

167 1085 451 1129 bant:.1Vitoe
473 1089 769 1146 mortalium,
800 1089 995 1144 vigilia.⁴
1025 1088 1162 1133 Porro
1187 1104 1287 1135 vero

169 1169 394 1214 constituta
427 1184 533 1228 pace
564 1170 831 1215 Gandavensi
861 1186 959 1216 suae
990 1173 1137 1218 aetatis
1156 1173 1287 1218 indo-

153 1254 252 1298 ⁹leni
285 1254 409 1313 plane
451 1262 744 1312 expresserunt
778 1255 1048 1310 numismate,
1086 1257 1130 1300 in
1170 1257 1286 1302 cuius

168 1339 300 1383 altero
328 1337 458 1381 latere
486 1336 761 1396 Reipublicae
784 1337 900 1384 navis
928 1338 1061 1384 saevis
1089 1340 1143 1384 inv
1160 1341 1286 1386 undis

160 1422 224 1467 ¹‘ad
252 1427 422 1480 portum
454 1418 595 1465 salutis
625 1435 830 1481 prospere
854 1423 1051 1477 tetendit,
1072 1423 1287 1483 inscriptis

158 1505 310 1549 hisce:
344 1520 445 1547 cam
466 1507 642 1560 pietate
666 1508 921 1550 concordia.
969 1506 1137 1551 Patriae
1160 1507 1288 1552 variis

166 1588 271 1633 locis
314 1587 533 1632 vindicatis
567 1587 610 1631 in
641 1602 812 1632 nummo
849 1588 1136 1634 testabantur:
1198 1609 1285 1636 non

166 1676 355 1730 placent
398 1674 597 1714 Domino
640 1675 805 1716 militis
844 1689 1002 1720 ocreae
1013 1693 1036 1727 ,·
1086 1677 1289 1720 Timenti

169 1759 421 1800 Dominum
458 1759 610 1799 omnia
652 1766 959 1813 cooperantur
997 1761 1045 1801 in
1086 1761 1286 1814 honum;

169 1841 336 1900 ipsique
355 1841 482 1900 paulo
503 1847 600 1899 post
617 1840 662 1883 in
686 1855 857 1884 nummo
882 1842 1165 1888 excudebant:
1190 1862 1285 1902 pro

172 1928 271 1969 aris
303 1933 347 1967 et
366 1926 518 1981 focis,
558 1931 647 1967 tum
688 1923 838 1967 etiam:
884 1928 1152 1982 religionem
1195 1945 1287 1972 ιιηα

173 2025 276 2052 cum
293 2010 490 2065 justitia
522 2011 733 2051 reducem
764 2008 1044 2054 celebrabant.

233 2092 359 2150 Quos
384 2106 485 2136 sane
516 2091 614 2151 pios
642 2091 767 2135 animi
795 2107 966 2146 sensus,
993 2094 1081 2138 aeri
1109 2094 1288 2152 incisos,

174 2175 346 2233 legimus
370 2189 457 2219 non
482 2182 643 2219 tantum
674 2176 882 2220 Ordinum
912 2177 1182 2232 auctoritate,
1213 2180 1287 2224 sed

175 2273 274 2304 vero
311 2259 479 2304 eosdem
518 2259 749 2319 peculiares
793 2261 1038 2306 Provinciae
1077 2270 1117 2306 et
1145 2263 1288 2309 Urbes

1062 2347 1086 2388 3
1104 2348 1124 2369 ’ἴ
