1544 2693
1245 165 1275 192 X
1284 165 1316 192 V

260 267 559 310 Anatomiam
577 264 926 319 Patlzologicam
940 293 951 313 ,
987 263 1050 306 bis
1065 278 1141 321 per
1156 264 1316 308 dicrum

191 325 538 388 hebdomadem,
597 334 629 378 1.
656 334 703 377 L.
734 332 780 377 c,
811 332 1168 378 SCHROEDER
1212 349 1315 378 ΜΝ

204 423 303 453 DER
330 405 517 458 KOLK,
548 405 655 449 hor-‘31
682 404 954 448 Auditorihus
981 405 1215 449 commodo.

258 484 624 528 Dis-sectionibus
669 483 954 524 Cadaver-am
996 483 1313 536 Anatomicis,

202 562 447 614 opportuno
486 553 582 597 anni
620 559 809 610 tempore
847 552 1135 607 instituendis,
1186 568 1316 613 prae—

202 626 281 672 erit
312 623 498 682 quotidie
523 623 556 668 Ι.
572 622 621 667 L.
641 621 687 666 C.
723 621 1080 668 SCHROEDER
1096 616 1201 669 vm}
1215 640 1314 671 mm·

203 695 588 827 Κὲῗτζῖοιοίοὲἰανη
618 777 800 829 exponet
843 770 892 815 Β.
917 771 967 815 F.
1004 771 1315 826 SUERMAN,

201 851 264 888 ter
290 857 369 903 per
395 842 557 886 dierum
585 840 921 895 hebdomadem,
951 842 1056 886 hora
1083 843 1154 887 IX.

257 934 533 976 Doctrinam
570 935 626 975 de
659 935 976 988 cognoscendis
1015 942 1060 975 et
1095 938 1316 977 curandis

199 1007 431 1048 hominum
445 1005 615 1047 morbis
637 1003 668 1047 Ῑ.
685 1003 719 1047 Ι.
734 1002 1162 1049 WOLTERBEEK
1174 1037 1185 1057 ‚
1205 1021 1314 1063 qua-

201 1082 289 1129 ter,
318 1075 427 1119 hora
451 1074 546 1119 XII.

258 1154 544 1209 Therapiam
556 1156 822 1209 generalem
844 1162 889 1196 et
912 1161 1194 1209 apparatum
1217 1171 1313 1196 me-

197 1226 478 1270 dicaminum
492 1254 506 1276 ‚
543 1230 724 1282 exponet
755 1223 788 1270 I.
807 1223 841 1268 Ι.
856 1223 1285 1270 WOLTERBEEK
1300 1258 1310 1278 ‚

199 1303 369 1354 quater,
410 1294 518 1338 hora
545 1294 576 1338 I.

253 1374 615 1424 Phar-maciom,
663 1372 885 1415 vernaculo
922 1386 1136 1426 sermone,
1194 1374 1247 1418 N.
1265 1373 1315 1417 C.

197 1441 578 1496 nnFREMERY,
597 1440 744 1486 diebus
758 1441 879 1485 lunae
896 1449 936 1486 et
950 1443 1117 1495 martis,
1133 1443 1239 1487 hora
1256 1443 1309 1487 ΙΙ.

252 1535 463 1576 Examen
506 1533 848 1587 aegrotantium
883 1541 929 1574 et
969 1533 1311 1586 Semeioticam,

195 1604 230 1649 1.
247 1600 752 1655 LWOLTERBEEK,
781 1601 826 1644 in
856 1602 1114 1647 Nosocomio
1140 1604 1312 1648 Acade-

195 1675 332 1729 mico,
360 1673 469 1718 hora
494 1672 547 1716 X.
1232 1729 1234 1732 y

251 1751 628 1796 Institutionibus
656 1751 847 1793 Clinicis
875 1752 1135 1794 morborum
1161 1755 1310 1795 inter-

194 1840 359 1867 norum
386 1821 554 1867 vacabit
583 1821 617 1865 I.
632 1820 665 1864 I.
679 1820 1134 1875 WOLTERBEEK‚
1165 1821 1310 1880 singu-

193 1895 245 1940 lis
277 1894 449 1947 diebus,
477 1893 524 1936 in
551 1892 811 1960 Nosocomio
838 1891 1107 1936 Academico.

248 1986 433 2028 Praxin
464 1984 781 2039 chirurgicam
816 1981 954 2026 tradet
990 1981 1039 2025 B.
1054 1981 1103 2026 F.
1120 1981 1308 2028 SUER-

191 2056 343 2109 MAN,
388 2061 537 2112 quater
564 2068 644 2114 per
672 2053 832 2098 dierum
858 2052 1192 2107 hebdomadem,
1223 2054 1307 2098 ho-

193 2143 241 2171 ra
267 2126 384 2171 VIII.
438 2167 440 2170 ,

256 2205 556 2260 Operatione&
627 2204 919 2259 chirurgicos
1003 2202 1306 2247 demonstrabit
