1487 2703
241 297 288 333 82
465 288 1128 332 COMMENTATIO

245 402 336 452 quid
372 401 487 448 magis
521 401 553 437 ei
589 410 722 436 nocere
755 400 813 435 vel
847 398 1023 446 prodesse
1056 407 1205 447 potest,
1244 409 1354 446 quam

247 475 329 520 ipsa
361 473 422 509 illa
450 470 652 508 educatio?
677 480 836 515 namque

376 572 453 623 Quo
479 572 590 610 semel
609 579 661 609 cst
687 571 830 608 imbuta
855 583 1002 618 recens,
1032 571 1193 610 servabit
1215 571 1360 610 odorem

423 643 531 680 Testa
560 641 623 679 diu
651 640 734 689 (1).

300 743 504 782 Verissime
538 741 644 779 etiam
681 740 870 788 Socrates,
897 752 1062 779 summus
1085 742 1364 791 philosophus,

251 815 344 853 illud
381 813 543 850 ostendit
568 812 634 849 ubi
659 811 772 849 dicit:
803 811 859 848 uti
886 811 974 859 equi
1002 812 1163 860 optimae
1201 811 1367 859 indolis,

252 883 442 923 utilissimi
484 882 601 929 fiunt,
656 881 804 928 quando
843 893 864 918 a
902 881 1034 918 teneris
1078 890 1294 919 exercentur
1331 890 1369 920 et

254 954 369 994 frenis
399 953 645 998 cohibentur,
675 951 732 989 sin
767 963 855 990 vero
883 951 1032 997 minus,
1071 952 1210 990 nullius
1243 963 1386 1000 usus;·

255 1026 307 1063 sic
345 1023 451 1061 etiam
493 1023 628 1068 homo,
685 1023 831 1070 quando
874 1021 968 1058 bene
1012 1021 1187 1059 educatur
1225 1020 1371 1069 riteque

256 1096 438 1141 docetur,
491 1093 685 1141 optimus,
737 1092 802 1129 sed
843 1090 876 1129 si
924 1091 1154 1140 negligitur,
1204 1091 1373 1140 perditus

256 1164 299 1201 fit
325 1165 411 1213 (2).

301 1235 491 1284 josephus
525 1231 590 1280 qui
620 1243 640 1268 a
665 1239 794 1268 natura
831 1229 985 1278 optimis
1017 1230 1129 1268 animi
1166 1229 1377 1277 mentisque

259 1305 411 1344 dotibus
443 1311 520 1341 erat
553 1301 769 1349 praetium,
798 1300 914 1348 prima
942 1308 1059 1338 aetate
1094 1313 1114 1339 a
1146 1308 1260 1339 matre
1287 1301 1376 1338 edu-

259 1384 364 1413 catus
403 1382 486 1420 est,
515 1372 614 1410 sicut
641 1382 722 1410 mos
751 1379 826 1408 erat
860 1371 898 1408 in
930 1370 1112 1418 Oriente,
1139 1380 1174 1409 et
1208 1372 1377 1419 quinque

261 1456 378 1483 annos
409 1452 516 1481 natus
550 1443 587 1480 in
616 1441 729 1489 patris
766 1441 935 1488 pervenit
971 1441 1121 1478 tutelam
1161 1441 1243 1490 (3).
1311 1442 1377 1480 Pa·

262 1515 430 1554 rentibus
470 1514 541 1551 illis
580 1511 732 1560 optimis
764 1500 931 1548 educatio
970 1509 1035 1547 filii
1065 1511 1243 1548 carissimi
1266 1523 1376 1558 quam

265 1587 420 1624 maxime
441 1584 543 1622 cordi
567 1582 653 1620 fuit.
681 1580 758 1628 Ipsi
783 1579 815 1617 ei
835 1579 1014 1629 Jehovam
1039 1579 1231 1627 optimum
1258 1580 1380 1618 Maxi·

264 1668 363 1693 mum
400 1664 482 1693 ante
518 1654 650 1691 oculos
687 1658 918 1698 posuerunt,
971 1661 1128 1696 eumque
1174 1650 1380 1688 docuerunt

268 1726 459 1773 quomodo
503 1725 645 1760 huncce
691 1721 855 1758 omnium
894 1731 1015 1757 reru-m
1054 1729 1254 1758 creatarum
1296 1732 1382 1758 auc-

266 1805 384 1833 torem
424 1803 459 1831 et
500 1792 682 1830 fautorem
727 1791 794 1828 rite
838 1791 975 1826 coleret
1021 1798 1057 1826 et
1092 1801 1178 1827 vere
1218 1789 1379 1829 timeret.

267 1866 411 1912 Legum
451 1863 700 1901 Mosaicarum
753 1860 884 1898 notitia
935 1860 980 1897 ab
1025 1859 1077 1911 iis?
1116 1858 1381 1907 imbuebatur,

270 1937 503 1980 multumque
550 1933 586 1969 in
642 1930 775 1968 litteris
828 1928 1078 1977 proficiebat,
1140 1930 1250 1967 sicuti
1299 1931 1384 1969 aliis

270 2005 501 2042 antecelleret
549 2000 723 2039 memoria
764 2009 800 2037 et
840 2011 959 2038 rerum
1010 2000 1249 2048 intelligentia
1296 1999 1382 2049 (4).

272 2076 370 2113 Eum
401 2075 546 2111 scholas
576 2073 681 2118 illas,
709 2071 753 2108 de
783 2070 922 2117 quibus
950 2069 1108 2108 diximus
1131 2070 1182 2109 C.
1209 2070 1258 2109 11.
1287 2073 1324 2119 §.
1347 2082 1384 2109 1.

1309 2140 1384 2179 fre-

312 2215 362 2251 (ι)
384 2213 500 2243 Horatii
529 2212 626 2248 Epist.
653 2213 675 2239 Ι.
703 2220 732 2246 3.
760 2218 804 2241 vs.
830 2219 877 2245 7ο.

313 2271 367 2308 (2)
388 2271 567 2304 xenophon.
592 2271 682 2297 Mem.
706 2269 759 2297 IV.
784 2278 811 2298 π.

314 2328 366 2363 (3)
387 2328 438 2356 Cf.
459 2329 490 2366 J.
515 2328 553 2356 H.
576 2329 702 2361 Pareau,
726 2328 800 2353 Ant,
821 2326 914 2354 Hebr.
939 2333 969 2359 p.
991 2334 1061 2361 445·
1083 2333 1128 2360 sq.

314 2385 367 2421 (4)
388 2385 438 2414 cs.
461 2392 527 2418 cap.
551 2385 572 2412 1.
594 2384 624 2418 §.
650 2390 676 2411 1.
699 2390 765 2418 pag.
785 2392 831 2412 11.
