1487 2703
300 217 932 259 >THEOLOGICA.
1123 227 1198 267 255

91 328 167 369 'har
205 330 399 379 angustias
439 327 645 375 deveniret,
684 328 813 379 quibus
849 337 1034 377 urgentur
1067 326 1201 376 deserti

101 407 137 438 et
160 393 294 437 abiecte·
318 400 344 436 ὰ
373 398 467 437 Deo.
521 397 627 448 Quae
651 396 822 437 Ursini
850 397 944 434 dicta
977 396 1077 434 simui
1106 398 1197 435 indi·
1249 441 1253 451 Χ

97 468 211 517 cant,
261 468 351 516 quid
389 468 571 515 voluerit,
618 467 765 514 quando
802 479 898 514 resp.
939 478 1000 516 37.
1041 467 1192 515 profite-

98 548 198 577 retur
213 566 227 586 ‚
252 538 444 577 Christum
468 540 566 576 iram
590 537 891 586 Deisustineisse
907 566 919 578 ,
943 537 1031 574 coli.
1063 548 1124 584 ιγ.

150 608 320 648 Credunt
354 608 524 646 nonnulli
559 607 642 645 Viri
681 606 930 652 venerabiles,
972 605 1199 644 Catecbismi

99 677 218 716 nostri
245 678 449 716 laudatores
475 677 652 726 ingenui,
679 677 739 725 (t)
764 683 935 713 auctores
961 675 1068 721 eius,
1098 686 1200 724 resp.

96 750 162 795 58.
191 759 378 795 perperam
405 749 526 785 locum
565 746 768 785 Paullinum
786 773 800 791 ,
832 757 847 783 1
873 745 967 784 Cor.
1003 745 1051 783 11:
1080 757 1118 794 9.
1147 745 1203 784 in·

98 825 316 865 terpretatos
350 817 426 856 esse
447 845 461 864 ‚
509 816 554 854 de
592 818 694 855 vitae
734 824 908 853 aeternae
946 813 1197 861 beatitudine,

95 898 207 938 quam
227 899 290 925 nec
310 887 432 925 oculus
455 886 574 932 vidit,
601 898 664 923 nec
685 886 789 923 auris
808 883 980 931 audivit,
1007 896 1071 922 nec
1098 884 1198 923 ullus

96 955 197 993 homo
207 957 426 1005 cogitatione
448 953 728 1004 comprehendit.
783 953 973 999 Fatemur,
990 952 1082 991 hanc
1105 969 1199 1004 map-

97 1026 279 1074 ερμηνείαιν
311 1023 539 1062 commissam
577 1024 653 1062 esse
685 1035 704 1061 a
739 1023 928 1061 nonnullis
970 1023 1196 1062 Catechismi

98 1093 390 1142 interpretibus:
420 1093 489 1141 (u)
525 1093 638 1131 videri
664 1092 769 1131 etiam
794 1092 1037 1132 Ursinum
1068 1093 1117 1132 ita
1141 1093 1199 1131 in·

98 1172 333 1212 terpretatum
347 1191 360 1210 ‚
381 1174 463 1201 cum
486 1162 656 1201 scriberet
681 1163 717 1200 in
732 1163 951 1201 catechismi
964 1163 1199 1215 Explicatio·

96 1244 141 1271 ne
157 1233 269 1271 haec:
294 1232 442 1271 videtur
458 1232 724 1282 inexplicabilis
737 1233 900 1282 quaestio
916 1259 928 1279 ‚
949 1232 972 1282 ζ
974 1232 1069 1283 quid
1072 1232 1122 1283 sit
1144 1235 1198 1273 νὶ-

95 1311 138 1340 ta
156 1311 310 1341 aeterna
325 1302 372 1350 ?)
397 1304 487 1352 quia
509 1301 652 1340 dicitur
673 1300 716 1340 de
742 1314 786 1340 ea
799 1314 814 1338 .·
842 1314 905 1340 nec
927 1303 1048 1341 oculus
1072 1302 1166 1342 vidit
1180 1331 1193 1350 ‚

94 1380 189 1410 caet.
231 1370 337 1421 (Jes.
370 1373 434 1420 64.
461 1385 502 1420 4.
543 1384 558 1411 1
590 1370 676 1410 Cor.
719 1385 758 1409 2.
801 1371 866 1420 9.)
914 1372 1066 1410 Mallem
1105 1383 1194 1411 vero

96 1441 184 1480 haec
204 1441 253 1479 ita
272 1441 463 1489 accipere,
478 1451 519 1479 ut
547 1440 774 1479 Catechismi
798 1439 994 1489 scriptores
1028 1440 1198 1480 dicantur

95 1511 170 1548 duo
225 1511 286 1548 illa
336 1511 415 1548 loca
449 1509 740 1548 accommodasse
770 1511 814 1548 ad
852 1509 991 1549 causam
1030 1512 1195 1559 praesen-

95 1590 195 1627 tem,
233 1591 309 1619 non
346 1579 450 1618 aliter
486 1590 596 1627 atque
634 1579 710 1628 ipse
748 1580 923 1619 Christus
951 1590 987 1619 et
1019 1566 1196 1629 Apostoli

92 1650 189 1688 dicta
221 1649 258 1686 in
290 1649 422 1688 veteris
444 1647 603 1688 foederis
631 1650 760 1687 codice
781 1651 825 1688 ad
848 1649 951 1689 suum
974 1651 1192 1699 adaptarunt

94 1717 339 1767 propositum.
407 1719 544 1756 Verum
580 1719 647 1757 hac
682 1719 727 1757 de
767 1718 898 1766 causa,
950 1718 1057 1770 supra
1093 1721 1193 1767 iam,

92 1798 175 1836 pag.
207 1790 290 1825 182.
319 1786 501 1833 indicata,
529 1787 690 1825 iudicent
713 1788 922 1836 peritiores.
1164 1795 1167 1799 '

142 1855 219 1894 Vifi
245 1856 329 1895 sunt
351 1857 574 1895 Catechismi
597 1858 791 1905 scriptores
808 1886 822 1904 ‚
851 1867 993 1906 quaest.
1019 1868 1056 1897 et
1087 1870 1186 1909 resp.

93 1937 154 1973 71.
185 1938 204 1966 e
229 1926 371 1965 Christi
403 1929 594 1974 mandato,
612 1928 750 1967 Matth.
774 1929 948 1968 XXVlllt
975 1941 1035 1977 19.
1062 1930 1189 1969 duxis-

1155 1994 1256 2038 se¹

130 2120 179 2158 (ι)
199 2123 474 2157 Reddingius,
517 2123 571 2152 lib.
602 2125 622 2152 1.
662 2118 730 2152 vot.
761 2124 814 2153 lu.
845 2132 872 2159 p.
910 2126 958 2159 69·
989 2132 1019 2153 et
1044 2126 1189 2159 Broez.

89 2179 140 2209 lib.
161 2181 183 2209 1.
199 2188 230 2215 p.
251 2182 317 2211 286.

125 2235 182 2273 (a)
201 2237 236 2266 ln
262 2236 307 2266 his
330 2236 495 2265 censendus
514 2245 635 2271 quoque
665 2244 708 2265 est
737 2237 1027 2273 Liefstingius,
1052 2240 1120 2268 vol.
1147 2242 1172 2267 ΣΙ

89 2301 119 2327 p.
146 2302 175 2329 4.
201 2300 269 2326 250,
295 2299 358 2329 ³91-
