1487 2703
398 197 912 262 mammam.
1164 231 1211 268 77

103 350 106 353 ·
153 336 254 374 Inter
282 332 502 382 Theologos
539 344 652 381 porro
682 332 856 382 Judaicos
900 339 1066 378 tempore
1107 330 1214 379 Jose-

101 406 171 455 'phi
206 415 281 442 tres
312 404 349 442 in
385 403 514 452 primis
549 412 668 442 sectae
703 403 879 449 aderant,
919 411 1051 448 nempe
1088 399 1215 437 Phari-

102 485 275 514 saeorum
294 502 306 522 ‚
334 474 605 512 Sadduceorum
640 482 676 510 et
701 473 921 511 Esseorum.
973 470 1047 509 Sed
1070 471 1114 508 de
1140 470 1216 508 his-

101 555 145 582 ce
172 543 268 582 infra
301 544 340 591 §-
369 544 433 593 3tia
456 545 561 592 plura
603 543 822 581 videbimus.
892 541 1078 580 Sufficiant
1115 550 1215 578 nunc

103 625 220 663 pauca
253 614 384 652 haecce
415 625 511 661 quae
543 613 732 661 diximus,
771 621 814 651 ut
844 612 1075 659 aliquatenus
1103 610 1216 649 nobis

101 683 294 722 notionem
330 683 574 722 informemus
607 682 833 721 conditionis
858 681 1058 718 litterarum
1090 681 1128 718 in
1152 681 1219 719 Pa-

101 752 282 792 laestina:
322 765 367 792 ex
403 753 541 802 quibus
574 760 675 800 patet
711 760 884 799 tempus,
912 762 988 798 quo
1025 750 1119 787 vixit
1152 749 1219 798 Jo-

101 824 270 872 sephus,
296 823 427 871 partim
455 822 601 870 quidem
637 822 760 868 minus
783 831 908 870 aptum
937 820 1054 859 videri
1079 820 1122 857 ad
1151 819 1221 857 bo-

103 903 192 931 num
221 892 443 931 historicum
476 891 776 939 informandum,
814 890 947 940 partim
985 901 1073 928 vero
1105 889 1221 926 multa

105 962 240 1001 habere
275 961 414 1010 quibus
455 972 536 1001 sese
574 961 820 1000 commendet.
900 959 1081 1010 Quamvis
1123 958 1221 996 enim

105 1039 277 1070 emortua
313 1031 465 1070 dicenda
495 1031 545 1069 sit
577 1031 752 1069 dialectus
786 1029 980 1077 Hebraea,
1026 1030 1141 1068 multa
1172 1037 1226 1066 ta-

107 1112 194 1140 men
235 1103 383 1140 aderant
421 1113 517 1149 quae
557 1101 595 1139 in
632 1101 802 1140 discenda
828 1101 894 1139 hac
929 1100 1053 1149 lingua
1081 1098 1222 1137 auxilio

107 1182 189 1210 esse
220 1179 401 1220 possent,
441 1172 633 1219 multaque
666 1170 733 1208 alia
770 1170 959 1216 subsidia,
1004 1169 1141 1217 quibus
1169 1168 1221 1206 V.

107 1241 156 1282 F.
184 1240 477 1289 intelligeretur3
505 1241 654 1279 aderant
682 1251 796 1289 porro
831 1240 950 1278 adhuc
988 1241 1116 1288 plures
1141 1238 1226 1276 libri

115 1312 179 1360 qui
202 1311 287 1365 dein
308 1311 521 1359 perierunt,
550 1311 625 1349 imo
640 1311 774 1349 Codex
798 1310 880 1360 ipse
899 1321 1086 1348 sacrorum
1109 1308 1226 1347 libro-

110 1392 192 1432 tum
224 1380 424 1419 etiamnum
453 1381 492 1418 in
528 1382 667 1431 templo
703 1382 855 1431 aderat3
907 1389 944 1419 et
986 1379 1228 1428 impedimen-

111 1459 191 1490 tum
226 1450 328 1494 ‚illud
373 1451 541 1490 omnium
592 1451 791 1489 maximum
832 1461 939 1489 verae
982 1448 1227 1497 eruditionis,

115 1521 326 1559 commercii
358 1532 493 1569 nempe
518 1516 685 1559 defectus
720 1533 806 1560 cum
836 1519 917 1560 aliis
950 1518 1130 1569 populis,
1157 1530 1226 1569 pro

114 1601 245 1641 magna
278 1600 383 1642 parte
413 1599 490 1633 erat
522 1592 724 1631 sublatum.

603 1740 641 1789 §-
695 1754 734 1780 α.

230 1882 292 1921 De
325 1880 481 1935 Josepbi
511 1892 652 1933 genere*
682 1880 743 1921 vel
776 1880 892 1931 stirpe
905 1906 919 1928 ‚
966 1880 1115 1930 qi‘usque

551 1949 795 1989 Parentibus.

169 2090 270 2131 Cum
311 2089 395 2128 talis
431 2098 529 2128 esset
557 2087 726 2144 conditio
758 2087 963 2126 litterarum
988 2094 1026 2124 et
1054 2084 1234 2125 eruditio-

81 2202 85 2208 ,
122 2161 180 2199 nis
211 2160 368 2210 Josephi
405 2168 571 2208 tempore
608 2158 646 2196 in
682 2159 909 2205 Palaestina,
956 2157 1147 2206 aptissima
1181 2156 1236 2194 di-

112 2231 236 2272 ,cenda
271 2239 327 2269 est
360 2229 518 2277 familia,
547 2241 592 2268 ex
619 2241 691 2275 qua
722 2237 828 2267 ortus
855 2237 935 2275 est,
965 2227 1011 2266 ad
1047 2226 1233 2265 hominem

128 2300 221 2339 bene
253 2300 518 2340 instituendum
555 2298 751 2346 virumque
789 2300 941 2337 doctum
982 2305 1081 2336 recte
1118 2294 1236 2334 infor-

1130 2376 1230 2404 man·
