1487 2703
396 144 670 188 BOTANJCO
684 167 698 177 ·
715 148 1097 191 OECONOMICA.
1249 158 1301 203 67

175 263 258 290 raro
292 253 462 302 obtinet3
504 255 687 295 interdum
722 258 827 296 etiam
859 259 945 297 huic
967 272 1084 310 scopo
1121 263 1295 302 adhibent

175 331 318 361 stercus
345 325 563 365 humanum.

228 393 283 441 3⁰.
315 395 552 434 Consitionis
587 404 734 446 ternpus
763 400 918 438 multum
954 401 1070 439 variat
1096 414 1165 450 pro
1189 403 1294 441 Sola-

173 477 303 502 norum
332 466 529 514 speciebus
546 494 559 513 ‚
590 467 695 505 ocius
722 476 844 506 tamen
885 470 942 507 vel
969 471 1075 519 justo
1100 471 1219 510 serius
1245 483 1294 510 ne

171 534 262 573 fiat:
291 535 415 583 primo
440 536 539 573 enim
573 547 661 575 casu
700 549 787 585 prae
826 538 972 577 Solam's
1009 541 1175 589 exsurgit
1200 543 1292 581 mala

173 605 285 642 herba
317 617 390 653 qua
418 607 579 654 optimae
607 607 684 655 agri
709 608 810 647 vires
838 609 1117 659 deperduntur,
1145 613 1204 650 vel
1229 622 1290 651 tu·

171 673 259 713 bera
273 675 392 713 adhuc
411 676 504 714 laedi
520 685 683 724 possunt
707 689 726 715 a
744 679 827 725 gelu
845 691 859 727 3
889 680 1065 718 ulteriore
1085 693 1175 719 vero
1199 693 1288 722 casu

168 745 316 793 plantae
342 745 464 785 serius
491 758 644 794 quoque
670 755 957 786 maturescentes
974 777 987 795 ‚
1027 750 1155 788 eodem
1196 763 1289 789 con·

170 814 366 859 gelationis
392 815 559 861 periculo
587 815 781 863 expositae
811 825 914 854 sunt.
973 817 1144 867 Tempus
1172 822 1287 858 maxi-

170 892 231 920 me
256 883 429 921 idoneum
456 892 541 930 est,
571 887 720 933 quando
746 894 841 924 terra
868 888 1024 926 calefieri
1054 890 1286 939 incoeperit,

168 964 281 1001 quare
322 955 437 1003 vulgo
476 964 681 993 conserunt
723 967 773 1010 m.
811 958 932 1006 Aprili
979 968 1015 996 et
1051 959 1183 1010 Majo,
1222 962 1282 998 vel

167 1032 305 1062 aestate
327 1024 424 1062 sicca
440 1052 454 1071 ‚
482 1034 517 1062 et
543 1027 755 1073 praesertim
780 1027 921 1065 Solana
947 1028 1137 1076 pabularia
1154 1057 1167 1077 ‚
1192 1042 1290 1078 quo-

170 1103 246 1140 que
285 1105 337 1131 m.
365 1093 497 1142 Junio.
551 1093 686 1132 Differt
719 1095 826 1132 etiam
859 1096 1033 1137 distantia
1067 1107 1103 1137 et
1130 1098 1288 1147 profun-

168 1162 262 1200 ditas
296 1174 366 1210 pro
388 1163 512 1201 indole
537 1165 607 1202 soli
635 1175 672 1203 et
695 1165 892 1214 speciebus
910 1195 922 1214 ‚
945 1169 1142 1217 praecipue
1168 1179 1286 1209 atten-

167 1232 328 1269 dendum
363 1243 419 1270 est
443 1244 532 1275 num
563 1234 694 1272 tubera
718 1236 790 1273 late
806 1221 890 1274 'sub
920 1247 1014 1275 terra
1037 1250 1284 1289 proserpant,

165 1312 211 1338 an
249 1313 338 1339 vero
386 1303 575 1341 caudicem
622 1305 738 1353 magis
784 1308 1024 1345 coacervatim
1067 1309 1286 1349 circumam-

163 1371 280 1410 hiant.
333 1373 378 1410 In
413 1373 509 1420 agris
542 1385 657 1422 porro
697 1375 858 1414 humidis
894 1377 940 1414 ad
976 1379 1155 1418 minorem
1196 1393 1287 1429 pro-

164 1441 384 1480 funditatem
419 1453 636 1490 ponantur,
664 1446 832 1495 quamvis
855 1447 893 1484 in
922 1459 1054 1495 genere
1089 1461 1166 1488 non
1195 1464 1286 1490 con·

164 1512 288 1549 veniat
308 1512 450 1561 positio
475 1513 720 1561 superficialis
737 1543 749 1562 ‚
769 1515 818 1552 ob
838 1516 958 1563 frigus
982 1519 1041 1555 vel
1065 1530 1174 1566 aves,
1190 1533 1284 1569 quae

165 1590 284 1619 saturn
318 1581 473 1620 effodire
497 1592 679 1631 possent,
718 1594 872 1633 propter
897 1587 1180 1628 exsiccationem
1209 1600 1282 1630 ter·

165 1662 253 1698 rae,
307 1661 381 1691 cte.
446 1652 748 1692 Circumstantiis
791 1655 1005 1695 faventibus
1046 1672 1098 1698 m.
1140 1662 1282 1700 Martio

164 1723 356 1771 praecocia
397 1724 471 1772 J'am
515 1731 610 1762 terra
641 1726 803 1763 mandari
840 1737 1034 1776 possunt,
1089 1731 1187 1770 haud
1227 1746 1282 1772 ra-

166 1804 208 1830 ro
248 1802 405 1831 attamen
445 1792 653 1841 falluntur,
691 1796 755 1843 qui
790 1796 899 1835 hasce
935 1798 1118 1846 primitias
1147 1814 1279 1852 magno

168 1863 288 1911 pretio
314 1864 513 1902 divendere
547 1864 657 1902 nimis
693 1875 889 1905 conantur.
1237 1880 1240 1882 ·

216 1934 345 1982 Atque
381 1934 442 1972 hic
479 1945 555 1972 non
584 1935 790 1985 incongrue
828 1938 935 1986 sequi
970 1949 1126 1987 possent
1161 1943 1281 1982 variae

165 2004 360 2051 methodi,
389 2005 527 2052 quibus
551 2017 707 2044 messem
744 2007 919 2046 festinare
948 2010 1280 2062 excogitaverunt,

168 2085 322 2121 quarum
371 2085 490 2113 tamen
527 2088 636 2113 unam
680 2087 821 2115 tantum
864 2078 1051 2128 inseram3
1098 2091 1278 2121 caeterum

167 2143 328 2181 conferri
351 2155 514 2192 possunt
539 2146 613 2184 loci
649 2146 743 2184 infra
779 2148 898 2186 citati.
950 2149 996 2186 In
1021 2148 1154 2199 Anglia
1180 2164 1283 2192 nem-

169 2226 216 2261 pe
239 2243 251 2262 ,
304 2215 542 2263 piurimarum
594 2217 818 2255 novitiarum
878 2220 1028 2268 majoris
1080 2222 1283 2263 minorisve

695 2287 726 2324 E
759 2300 780 2325 2
1204 2305 1281 2331 mo-
