1544 2693
368 188 963 231 THEOLOGICA.
1151 207 1221 243 213

607 311 642 357 ἕ.
696 315 734 350 6.

262 445 451 484 Brevitati
476 456 511 484 ct
534 448 792 497 perspicuitati
817 458 927 498 opera
952 447 1083 486 datur.

171 574 359 624 Brevitas,
388 578 558 625 quamvis
600 579 739 616 laudem
781 588 856 615 non
891 579 1019 617 habeat
1051 580 1087 616 in
1119 579 1220 616 omni
1246 615 1254 620 .

118 643 297 684 librorum
324 657 478 695 genere,
505 647 681 685 laudanda
713 657 832 685 tamen
865 656 922 686 est
947 649 984 685 in
1009 648 1135 686 libello
1163 659 1221 686 ca-

118 714 325 760 techetico,
351 715 524 755 summam
551 716 739 753 doctrinae
769 716 1001 761 Christianae
1033 719 1219 765 tradente,

119 791 155 819 et
185 784 222 820 in
246 783 348 821 usum
376 784 567 822 hominum
594 784 827 833 indoctorum
854 795 890 823 et
915 786 1077 824 tironum
1110 786 1223 834 scrip-

120 861 175 889 to.
200 899 203 902 y
227 852 299 891 His
329 853 425 891 enim
460 854 637 892 elementa
667 854 838 893 discenda
861 855 974 903 sunt,
1004 867 1119 903 quae,
1148 855 1222 893 five

122 921 160 959 in
195 923 374 960 concione
412 923 590 971 publica,
617 923 692 963 five
726 924 764 962 in
797 924 940 972 privata
969 924 1223 975 institutione,

120 1003 190 1040 pro
222 1002 332 1042 captu
363 993 571 1030 auditorum
602 1002 638 1031 et
666 994 959 1042 discipulorum,
995 1005 1014 1031 a
1051 996 1221 1033 Doctori-

121 1062 192 1100 bus
217 1072 253 1100 et
279 1063 489 1102 Catechetis
517 1063 599 1100 sunt
627 1064 836 1112 explicanda
859 1073 894 1101 et
923 1064 1115 1113 dilatanda.
1151 1057 1226 1101 Ita-

121 1143 194 1179 que
228 1132 452 1171 Catechismi
490 1132 641 1170 Palatini
673 1131 867 1180 scriptores
906 1132 1073 1169 laudandi
1111 1132 1219 1178 sunt,

96 1215 98 1217 ·
121 1210 275 1249 propter
299 1201 477 1239 concisam
512 1201 755 1247 brevitatem,
793 1200 853 1237 cui
887 1200 1043 1238 feliciter
1072 1212 1217 1250 operam

119 1271 314 1309 dederunt.

172 1340 308 1388 Neque
338 1340 384 1377 iis
422 1340 458 1378 id
500 1341 655 1387 accidit,
709 1342 753 1379 de
794 1353 869 1388 quo
916 1342 1080 1389 queritur
1127 1342 1217 1379 Ho-

117 1409 247 1449 tius:
299 1410 418 1448 brevis
461 1410 531 1456 esfh
556 1409 704 1460 laboro,
754 1409 923 1458 obscurus
959 1410 1024 1459 fio.
1090 1411 1217 1448 Dictio

118 1479 214 1517 enim
253 1479 476 1518 Catechisrni
514 1481 788 1518 commendatur
821 1480 1104 1528 perspicuitate,
1145 1483 1219 1527 qua

120 1550 185 1595 fit,
227 1557 292 1596 ut,
332 1550 376 1586 de
410 1549 605 1586 verborum
646 1549 932 1597 significatione,
970 1550 1215 1587 membrorum

121 1618 324 1665 structura,
352 1617 606 1657 sententiarum
638 1620 974 1667 coagmentatione,
1017 1629 1080 1657 aut
1111 1631 1218 1667 argu-

122 1688 355 1726 mentationis
385 1688 446 1735 vi,
473 1700 554 1727 raro
581 1689 773 1727 admodum
799 1688 868 1726 sint
897 1690 1122 1736 dubitaturi,
1152 1689 1218 1736 qui

118 1765 254 1795 attente
277 1766 311 1794 et
337 1757 528 1805 diligenter
553 1758 707 1805 legunt,
736 1768 811 1795 non
840 1767 880 1795 ut
907 1758 1092 1796 inveniant
1116 1759 1219 1806 quod

119 1840 140 1866 a
167 1827 406 1875 scriptoribus
434 1827 570 1865 dictum
598 1828 772 1875 cupiant,
812 1827 870 1865 sed
898 1836 937 1864 ut
963 1839 1088 1865 eorum
1117 1839 1217 1865 men·

121 1906 193 1934 tem
220 1905 256 1934 et
280 1895 471 1935 confilium
500 1896 751 1944 assequantur.

171 1966 322 2013 Huius,
361 1977 443 2003 cum
484 1966 700 2012 brevitatis,
730 1975 805 2004 turn
833 1965 1124 2017 perspicuitatis,
1152 1968 1217 2004 do·

122 2045 290 2074 cumenta
322 2036 358 2073 in
393 2037 626 2074 Catechismo
665 2045 735 2074 tam
775 2036 964 2074 manifesta
1000 2036 1109 2083 sunt,
1152 2046 1216 2084 ut,

125 2107 150 2146 fi
187 2108 299 2144 multa
323 2117 518 2155 congerere
550 2107 707 2153 vellem,
733 2117 881 2154 operam
909 2107 1123 2153 perditurus
1155 2108 1219 2143 mi-

126 2176 163 2214 hi
199 2177 333 2214 videar.
399 2177 526 2215 Unum
561 2176 671 2224 igitur
702 2185 738 2213 et
765 2177 914 2213 alterum
951 2174 1116 2213 conferre
1147 2175 1221 2212 suf-

128 2243 265 2287 fecerit.
318 2246 447 2295 Quid,
487 2245 644 2294 quaeso,
675 2245 822 2283 brevius
850 2254 884 2282 et
916 2245 1119 2283 evidentius
1149 2244 1221 2282 dici

1155 2327 1176 2362 fi
1182 2326 1220 2349 Ο-
