1487 2703
143 173 190 208 44
364 161 1032 201 COMMENTATIO

634 299 670 343 ἕ·
728 309 762 345 3·

216 441 276 479 Dc
300 454 413 480 causa
439 442 694 492 obligationis,
722 444 908 482 essentiali
932 447 1176 484 conventionis

596 515 787 565 requisito.

188 665 327 703 Nullus
354 675 431 702 non
468 665 542 703 fuit
571 664 673 714 Juris
709 664 876 702 Francici
909 663 1121 712 interpres,
1161 663 1253 711 quin

138 735 174 772 in
207 735 421 783 explicanda
454 734 622 772 doctrina
654 734 700 771 de
735 745 846 772 causa
882 733 1121 782 obligationis
1155 744 1255 782 mag·

136 815 201 842 nas
244 813 419 853 expertus
460 804 511 842 sit
541 803 804 852 difficultates,
857 816 926 852 pro
962 803 1117 842 maxima
1154 811 1255 842 certe

136 883 242 923 parte
276 877 450 913 oriundas
477 886 522 912 ex
550 875 729 913 brevitate
764 884 878 921 atque
914 872 1144 912 obscuritate
1177 872 1252 910 loci

135 944 290 984 Codicis
327 944 462 982 Civilis
498 956 610 993 super
647 945 714 982 hac
748 944 912 982 materia.
987 944 1068 982 Imo
1103 942 1250 980 tandem

136 1014 308 1052 nonnulli
337 1025 382 1051 eo
411 1025 534 1061 usque
570 1022 860 1062 processerunt,
888 1021 931 1050 ut
957 1013 1252 1059 contenderent,

136 1094 213 1121 eam
248 1084 357 1130 plane
391 1082 650 1120 conventionis
677 1082 899 1130 requisitum
930 1092 1008 1120 non
1042 1093 1139 1120 esse.

186 1152 313 1202 Hujus
344 1152 533 1190 doctrinae
570 1152 743 1201 princeps
783 1152 856 1190 fuit
891 1153 955 1191 Cl.
996 1151 1252 1191 Ernstius

137 1224 175 1261 in
220 1224 471 1271 disputatione
510 1235 623 1270 supra
668 1223 829 1262 laudata.
906 1223 1032 1270 Nam,
1083 1222 1254 1270 quamvis

137 1305 221 1331 cum
247 1295 313 1333 Ct.
342 1293 499 1331 Yssel
533 1294 590 1331 dc
625 1293 904 1341 Schepper
933 1293 1002 1341 (1)
1032 1294 1250 1340 credamus,

137 1363 334 1401 consilium
373 1363 441 1401 viri
475 1364 537 1402 Cl.
580 1362 776 1411 praecipue
826 1361 977 1410 quidem
1014 1361 1162 1409 fuisse,
1210 1370 1254 1400 ut

139 1434 351 1473 ostenderet
367 1461 379 1480 ‚
405 1433 634 1482 legislatores
650 1460 662 1480 ,
679 1445 754 1470 eam
781 1433 819 1470 in
843 1432 1049 1471 essentialia
1072 1432 1253 1480 requisita

137 1502 336 1542 referentes
353 1531 366 1549 ‚
405 1514 480 1540 non
514 1503 608 1540 bene
637 1502 785 1550 egisse3
816 1513 936 1540 tamen
953 1530 966 1547 ,
993 1502 1025 1541 si
1049 1503 1127 1551 ejus
1165 1503 1254 1540 doc-

140 1574 256 1612 trinae
287 1584 451 1620 annuas,
482 1572 563 1610 fieri
597 1572 750 1619 nequit,
779 1572 871 1619 quin
905 1573 1018 1611 simul
1049 1572 1141 1620 legiS
1176 1572 1254 1610 clis-

139 1645 347 1692 positiones
375 1645 421 1680 ita
451 1651 655 1687 corruant,
687 1651 726 1679 ut
756 1651 971 1680 contractus
1011 1651 1165 1691 propter
1191 1643 1255 1680 de·

138 1714 277 1754 fectum
306 1724 438 1751 causae
464 1714 589 1750 nullus
622 1712 796 1749 declarari
822 1721 980 1760 nequeat
1008 1711 1093 1761 (2).

192 1786 395 1830 Attamen,
424 1783 597 1830 quoniam
627 1783 733 1820 valde
763 1783 1015 1831 periculosum
1045 1781 1254 1829 credimus,

1180 1851 1253 1889 nisi

180 1944 232 1981 (ι)
252 1945 286 1972 L.
307 1945 328 1971 l.
351 1942 381 1970 in
408 1949 480 1970 nota
498 1942 536 1969 ad
552 1948 618 1977 pag.
635 1943 683 1975 36.

181 2000 234 2038 (ε’.)
255 2001 302 2030 Cf.
330 2001 380 2029 Cr.
412 1998 640 2032 Hinlopen,
660 1997 691 2025 in
709 1997 974 2026 commentatione
999 1998 1154 2036 juridica,
1177 2007 1253 2034 quae

142 2067 189 2088 est
215 2058 245 2086 in
275 2055 440 2084 Annalibus
470 2054 652 2083 Academiae
679 2053 919 2089 Ultrajectinae‚
943 2055 1014 2083 anni
1045 2058 1253 2091 1829—1850‚

144 2115 196 2150 qui
221 2111 376 2142 Ernstii
402 2111 582 2140 sententiam
607 2118 751 2145 secutus,
781 2119 846 2139 eam
871 2111 959 2140 etiam
983 2111 1027 2140 sic
1053 2113 1188 2148 accepit,
1221 2121 1253 2141 ut

142 2172 197 2200 tria
215 2177 327 2198 tanturn
343 2169 401 2197 sint
422 2167 594 2197 essentialia
618 2167 780 2203 requisitu
805 2177 987 2207 consensus,
1010 2170 1176 2205 capacitas,
1199 2171 1252 2198 ob-

145 2230 278 2263 jectum,
300 2234 365 2261 pag.
394 2234 440 2259 32·
472 2233 558 2260 seqq.
