1544 2693
425 170 1013 210 THEOLOGICA.
1237 140 1305 218 69x

172 280 448 320 administrandi
493 281 730 326 adiumento,
771 279 985 327 indigeant,
1027 288 1147 325 eoque
1186 287 1283 315 recte

171 351 227 388 uti
263 358 298 388 et
336 349 481 398 possint
508 346 553 387 et
571 350 705 386 veiint.

222 418 417 466 Tandem,
445 418 482 456 in
515 419 693 457 laudanda
725 417 880 455 instituti
913 416 1146 463 salubritate,
1184 417 1278 454 ratio

170 489 338 526 habenda
379 497 436 525 est
475 489 655 536 temporis
699 489 813 535 magis
847 487 1019 525 minusve
1058 487 1278 536 opportuni.

166 557 302 595 Idonea
329 558 424 596 enirn
461 558 545 596 sunt
576 568 767 605 tempora,
807 557 875 594 alia
907 557 954 594 ad
985 556 1299 604 instituendum,2

167 628 235 664 alia
261 628 306 664 ad
327 628 567 671 mutandum,
596 628 664 664 alia
693 628 738 664 ad
768 627 1034 674 abrogandum.
1087 626 1192 676 Quid
1213 637 1280 664 no-

166 697 251 744 bis,
280 698 345 744 qui
375 708 473 734 nunc
506 697 696 742 vivimus,
725 694 1060 742 conducat>·,'³‹quid
1084 705 1279 743 propterea

164 774 296 804 nostro
327 765 372 803 fit
396 775 563 814 tempore
592 766 840 812 laudandum,
865 765 1073 811 quaeritur.
1136 765 1277 802 Iccirco

164 845 241 872 non
279 835 521 882 disquirimus
548 837 594 874 de
621 845 812 884 ternpore,
842 836 944 882 quod
972 836 1035 873 diu
1060 835 1276 883 praeteriit,

164 912 228 943 aut
255 904 454 952 aliquando
479 904 521 943 fit
556 903 744 945 futurum.
1295 892 1297 894 V

215 974 286 1011 His
312 973 545 1024 praemissis,
583 986 674 1023 age,
702 976 747 1012 ad
786 975 895 1022 ipsam
934 973 1104 1012 utilitatis
1149 973 1275 1012 lauda-

162 1042 299 1081 tionem
326 1055 536 1092 pergamus-

669 1181 706 1227 §—
763 1191 798 1227 3-

309 1324 411 1362 Utile
447 1332 499 1361 est
535 1325 740 1369 institutum
772 1324 927 1373 ſsngulis
967 1324 1124 1362 coetibus

542 1407 740 1443 eorumque
769 1393 894 1440 sociis.

209 1533 252 1571 In
294 1532 516 1571 aestimanda
553 1531 709 1570 instituti
752 1534 871 1570 nostri
909 1534 1068 1571 utilitate
1107 1537 1270 1584 primum

158 1603 488 1641 animadvertamus
515 1604 683 1649 singulos
710 1611 840 1640 coetus
869 1614 1072 1651 eorumque
1098 1603 1235 1645 socios.

212 1672 350 1711 Patriae
379 1681 533 1710 nostrae
559 1681 690 1710 coetus
728 1671 914 1710 reformat-i
932 1701 944 1720 ‚
993 1673 1054 1710 alii
1087 1686 1163 1712 nou
1201 1676 1268 1714 nisi

158 1753 235 1780 uno
273 1743 431 1791 gaudent
455 1742 650 1790 Euangelii
685 1741 912 1790 interprete,
941 1743 1000 1780 alii
1032 1744 1181 1781 duobus
1210 1746 1271 1782 vel

159 1813 344 1861 pluribus.
418 1813 705 1859 Utrorumque,
750 1812 880 1859 partim
933 1811 1085 1860 similis,
1138 1815 1270 1863 partim

158 1882 341 1921 disfimilis
368 1891 424 1919 est
450 1882 558 1920 ratio.
619 1882 798 1929 Utrisque
832 1891 951 1919 tamen
977 1893 1153 1930 perquam
1181 1884 1270 1921 utile

159 1960 216 1989 est
247 1950 450 1989 institutum
467 1979 479 1998 ,
508 1963 584 1999 quo
611 1951 681 1998 fit,
710 1960 751 1988 ut
776 1950 913 2000 singuli.
934 1952 1145 2000 Doctores,
1177 1954 1265 2001 qui,

159 2003 236 2059 five
255 2021 362 2059 fimul
390 2022 427 2058 in
452 2021 577 2059 eodem
615 2032 728 2059 coetu
756 2022 954 2068 laborent,
982 2021 1056 2059 five
1091 2023 1153 2060 alii·
1187 2024 1266 2061 aliis

161 2091 199 2128 in
230 2101 378 2128 munere
410 2091 509 2129 sacro
533 2091 755 2138 succedant,
783 2102 893 2129 unam
931 2093 1157 2140 eandemque
1179 2095 1268 2132 doc-

160 2159 275 2198 trinae
304 2160 418 2199 sacrae
444 2162 682 2213 exponendae
709 2162 885 2199 rationem
913 2170 1077 2200 teneant.

214 2229 290 2278 Qui
317 2231 409 2270 enim
443 2241 519 2269 uno
553 2232 728 2270 duntaxat
766 2231 924 2279 gaudent
956 2232 1171 2281 Homilett‘i,
1200 2233 1269 2272 hu·

1212 2304 1273 2341 ius
