<?xml version="1.0" encoding="UTF-8"?>
<!DOCTYPE html PUBLIC "-//W3C//DTD XHTML 1.0 Transitional//EN"
    "http://www.w3.org/TR/xhtml1/DTD/xhtml1-transitional.dtd">
<html xmlns="http://www.w3.org/1999/xhtml" xml:lang="en" lang="en">
 <head>
  <title>
</title>
<meta http-equiv="Content-Type" content="text/html;charset=utf-8" />
  <meta name='ocr-system' content='tesseract 3.04.00' />
  <meta name='ocr-capabilities' content='ocr_page ocr_carea ocr_par ocr_line ocrx_word'/>
</head>
<body>
  <div class='ocr_page' id='page_1' title='image "annalesacademiae34rhen_0623.png"; bbox 0 0 1487 2703; ppageno 0'>
   <div class='ocr_carea' id='block_1_1' title="bbox 418 133 1233 206">
    <p class='ocr_par' dir='ltr' id='par_1_1' title="bbox 418 133 1233 206">
     <span class='ocr_line' id='line_1_1' title="bbox 418 133 1233 206; baseline 0.031 -35"><span class='ocrx_word' id='word_1_1' title='bbox 418 133 932 188; x_wconf 71' lang='lat' dir='ltr'>LirnRAniA.</span> <span class='ocrx_word' id='word_1_2' title='bbox 1187 160 1233 206; x_wconf 70' lang='lat'>89</span> 
     </span>
    </p>
   </div>
   <div class='ocr_carea' id='block_1_2' title="bbox 108 242 1229 593">
    <p class='ocr_par' dir='ltr' id='par_1_2' title="bbox 108 242 1229 593">
     <span class='ocr_line' id='line_1_2' title="bbox 115 242 1226 306; baseline 0.029 -36"><span class='ocrx_word' id='word_1_3' title='bbox 115 242 184 272; x_wconf 79' lang='lat' dir='ltr'>nes</span> <span class='ocrx_word' id='word_1_4' title='bbox 218 246 282 274; x_wconf 85' lang='lat' dir='ltr'>ore</span> <span class='ocrx_word' id='word_1_5' title='bbox 317 246 544 283; x_wconf 84' lang='lat' dir='ltr'>tatummodo</span> <span class='ocrx_word' id='word_1_6' title='bbox 568 251 738 298; x_wconf 75' lang='lat' dir='ltr'>acceptae</span> <span class='ocrx_word' id='word_1_7' title='bbox 767 257 984 306; x_wconf 82' lang='lat' dir='ltr'>scriptoque</span> <span class='ocrx_word' id='word_1_8' title='bbox 1006 262 1103 301; x_wconf 87' lang='lat' dir='ltr'>haud</span> <span class='ocrx_word' id='word_1_9' title='bbox 1127 276 1226 304; x_wconf 58' lang='lat' dir='ltr'>man,</span> 
     </span>
     <span class='ocr_line' id='line_1_3' title="bbox 117 301 1226 382; baseline 0.033 -44"><span class='ocrx_word' id='word_1_10' title='bbox 117 301 223 342; x_wconf 85' lang='lat' dir='ltr'>datae</span> <span class='ocrx_word' id='word_1_11' title='bbox 246 307 346 355; x_wconf 82' lang='lat'>(1),</span> <span class='ocrx_word' id='word_1_12' title='bbox 399 322 510 361; x_wconf 84' lang='lat' dir='ltr'>atque</span> <span class='ocrx_word' id='word_1_13' title='bbox 541 317 648 356; x_wconf 89' lang='lat' dir='ltr'>hasce</span> <span class='ocrx_word' id='word_1_14' title='bbox 677 321 714 358; x_wconf 91' lang='lat' dir='ltr'>in</span> <span class='ocrx_word' id='word_1_15' title='bbox 751 324 897 365; x_wconf 86' lang='lat' dir='ltr'>Scholis</span> <span class='ocrx_word' id='word_1_16' title='bbox 931 330 1136 382; x_wconf 85' lang='lat' dir='ltr'>docebant,</span> <span class='ocrx_word' id='word_1_17' title='bbox 1190 346 1226 374; x_wconf 88' lang='lat' dir='ltr'>et</span> 
     </span>
     <span class='ocr_line' id='line_1_4' title="bbox 114 376 1226 448; baseline 0.033 -40"><span class='ocrx_word' id='word_1_18' title='bbox 114 376 281 418; x_wconf 84' lang='lat' dir='ltr'>quamvis</span> <span class='ocrx_word' id='word_1_19' title='bbox 321 382 433 420; x_wconf 87' lang='lat' dir='ltr'>multa</span> <span class='ocrx_word' id='word_1_20' title='bbox 469 397 512 423; x_wconf 87' lang='lat' dir='ltr'>ex</span> <span class='ocrx_word' id='word_1_21' title='bbox 557 389 636 427; x_wconf 86' lang='lat' dir='ltr'>aliis</span> <span class='ocrx_word' id='word_1_22' title='bbox 680 392 922 436; x_wconf 81' lang='lat' dir='ltr'>Orientalium</span> <span class='ocrx_word' id='word_1_23' title='bbox 963 402 1109 448; x_wconf 85' lang='lat' dir='ltr'>placitis</span> <span class='ocrx_word' id='word_1_24' title='bbox 1142 417 1226 445; x_wconf 89' lang='lat' dir='ltr'>cum</span> 
     </span>
     <span class='ocr_line' id='line_1_5' title="bbox 111 441 1229 518; baseline 0.033 -40"><span class='ocrx_word' id='word_1_25' title='bbox 111 441 213 481; x_wconf 91' lang='lat' dir='ltr'>hisce</span> <span class='ocrx_word' id='word_1_26' title='bbox 240 458 363 487; x_wconf 86' lang='lat' dir='ltr'><strong>essent</strong></span> <span class='ocrx_word' id='word_1_27' title='bbox 389 455 588 503; x_wconf 87' lang='lat' dir='ltr'>conjuncta</span> <span class='ocrx_word' id='word_1_28' title='bbox 620 469 656 497; x_wconf 87' lang='lat' dir='ltr'>et</span> <span class='ocrx_word' id='word_1_29' title='bbox 689 466 914 513; x_wconf 83' lang='lat' dir='ltr'>commixta,</span> <span class='ocrx_word' id='word_1_30' title='bbox 943 483 1035 518; x_wconf 88' lang='lat' dir='ltr'>quae</span> <span class='ocrx_word' id='word_1_31' title='bbox 1066 475 1105 511; x_wconf 89' lang='lat' dir='ltr'>in</span> <span class='ocrx_word' id='word_1_32' title='bbox 1138 487 1229 513; x_wconf 88' lang='lat' dir='ltr'>con·</span> 
     </span>
     <span class='ocr_line' id='line_1_6' title="bbox 108 514 1224 593; baseline 0.033 -45"><span class='ocrx_word' id='word_1_33' title='bbox 108 514 270 554; x_wconf 89' lang='lat' dir='ltr'>cordiam</span> <span class='ocrx_word' id='word_1_34' title='bbox 319 521 483 569; x_wconf 85' lang='lat' dir='ltr'>redigere</span> <span class='ocrx_word' id='word_1_35' title='bbox 526 529 753 570; x_wconf 82' lang='lat' dir='ltr'>conabantur</span> <span class='ocrx_word' id='word_1_36' title='bbox 788 547 872 573; x_wconf 88' lang='lat' dir='ltr'>cum</span> <span class='ocrx_word' id='word_1_37' title='bbox 910 540 950 578; x_wconf 87' lang='lat' dir='ltr'>S.</span> <span class='ocrx_word' id='word_1_38' title='bbox 998 542 1039 581; x_wconf 88' lang='lat' dir='ltr'>S.</span> <span class='ocrx_word' id='word_1_39' title='bbox 1091 544 1224 593; x_wconf 89' lang='lat' dir='ltr'>libris,</span> 
     </span>
    </p>
   </div>
   <div class='ocr_carea' id='block_1_3' title="bbox 108 583 1224 655">
    <p class='ocr_par' dir='ltr' id='par_1_3' title="bbox 108 583 1224 655">
     <span class='ocr_line' id='line_1_7' title="bbox 108 583 1224 655; baseline 0.032 -37"><span class='ocrx_word' id='word_1_40' title='bbox 108 583 225 632; x_wconf 84' lang='lat' dir='ltr'>magis</span> <span class='ocrx_word' id='word_1_41' title='bbox 254 595 372 627; x_wconf 90' lang='lat' dir='ltr'>tamen</span> <span class='ocrx_word' id='word_1_42' title='bbox 395 592 487 631; x_wconf 87' lang='lat' dir='ltr'>illud</span> <span class='ocrx_word' id='word_1_43' title='bbox 508 597 698 643; x_wconf 85' lang='lat' dir='ltr'>profuisse</span> <span class='ocrx_word' id='word_1_44' title='bbox 727 603 898 653; x_wconf 83' lang='lat' dir='ltr'>Josepho</span> <span class='ocrx_word' id='word_1_45' title='bbox 934 621 1043 655; x_wconf 88' lang='lat' dir='ltr'>quam</span> <span class='ocrx_word' id='word_1_46' title='bbox 1075 616 1224 653; x_wconf 86' lang='lat' dir='ltr'>nocuis·</span> 
     </span>
    </p>
   </div>
   <div class='ocr_carea' id='block_1_4' title="bbox 104 655 1221 733">
    <p class='ocr_par' dir='ltr' id='par_1_4' title="bbox 104 655 1221 733">
     <span class='ocr_line' id='line_1_8' title="bbox 104 655 1221 733; baseline 0.032 -44"><span class='ocrx_word' id='word_1_47' title='bbox 104 662 148 690; x_wconf 82' lang='lat' dir='ltr'>se</span> <span class='ocrx_word' id='word_1_48' title='bbox 181 655 341 697; x_wconf 88' lang='lat' dir='ltr'>videtur.</span> <span class='ocrx_word' id='word_1_49' title='bbox 395 662 523 702; x_wconf 90' lang='lat' dir='ltr'>Potuit</span> <span class='ocrx_word' id='word_1_50' title='bbox 558 669 653 706; x_wconf 88' lang='lat' dir='ltr'>enim</span> <span class='ocrx_word' id='word_1_51' title='bbox 688 671 723 708; x_wconf 85' lang='lat' dir='ltr'>in</span> <span class='ocrx_word' id='word_1_52' title='bbox 759 685 800 711; x_wconf 88' lang='lat' dir='ltr'>ea</span> <span class='ocrx_word' id='word_1_53' title='bbox 835 677 1021 724; x_wconf 84' lang='lat' dir='ltr'>inquirere</span> <span class='ocrx_word' id='word_1_54' title='bbox 1053 694 1221 733; x_wconf 79' lang='lat' dir='ltr'>quaeque</span> 
     </span>
    </p>
   </div>
   <div class='ocr_carea' id='block_1_5' title="bbox 86 719 1224 1354">
    <p class='ocr_par' dir='ltr' id='par_1_5' title="bbox 86 719 1224 1354">
     <span class='ocr_line' id='line_1_9' title="bbox 103 719 1224 799; baseline 0.033 -41"><span class='ocrx_word' id='word_1_55' title='bbox 103 719 201 762; x_wconf 88' lang='lat' dir='ltr'>bona</span> <span class='ocrx_word' id='word_1_56' title='bbox 236 735 272 764; x_wconf 88' lang='lat' dir='ltr'>et</span> <span class='ocrx_word' id='word_1_57' title='bbox 306 740 391 768; x_wconf 87' lang='lat' dir='ltr'>vera</span> <span class='ocrx_word' id='word_1_58' title='bbox 429 733 462 769; x_wconf 89' lang='lat' dir='ltr'>ei</span> <span class='ocrx_word' id='word_1_59' title='bbox 500 735 720 777; x_wconf 85' lang='lat' dir='ltr'>videbantur</span> <span class='ocrx_word' id='word_1_60' title='bbox 755 747 947 795; x_wconf 80' lang='lat' dir='ltr'>servavit,</span> <span class='ocrx_word' id='word_1_61' title='bbox 982 751 1127 799; x_wconf 86' lang='lat' dir='ltr'>aliaque</span> <span class='ocrx_word' id='word_1_62' title='bbox 1157 767 1224 794; x_wconf 89' lang='lat' dir='ltr'>ne-</span> 
     </span>
     <span class='ocr_line' id='line_1_10' title="bbox 99 792 1221 863; baseline 0.032 -35"><span class='ocrx_word' id='word_1_63' title='bbox 99 792 239 842; x_wconf 83' lang='lat' dir='ltr'>glexit3</span> <span class='ocrx_word' id='word_1_64' title='bbox 270 801 480 848; x_wconf 88' lang='lat' dir='ltr'>mentisque</span> <span class='ocrx_word' id='word_1_65' title='bbox 511 806 654 853; x_wconf 77' lang='lat' dir='ltr'>J&#39;udicio</span> <span class='ocrx_word' id='word_1_66' title='bbox 700 822 806 852; x_wconf 82' lang='lat' dir='ltr'>utens</span> <span class='ocrx_word' id='word_1_67' title='bbox 843 818 958 856; x_wconf 87' lang='lat' dir='ltr'>multa</span> <span class='ocrx_word' id='word_1_68' title='bbox 993 821 1103 861; x_wconf 88' lang='lat' dir='ltr'>nobis</span> <span class='ocrx_word' id='word_1_69' title='bbox 1137 826 1221 863; x_wconf 86' lang='lat' dir='ltr'>reli—</span> 
     </span>
     <span class='ocr_line' id='line_1_11' title="bbox 100 862 1165 933; baseline 0.034 -35"><span class='ocrx_word' id='word_1_70' title='bbox 100 862 211 910; x_wconf 87' lang='lat' dir='ltr'>quit,</span> <span class='ocrx_word' id='word_1_71' title='bbox 265 878 358 914; x_wconf 89' lang='lat' dir='ltr'>quae</span> <span class='ocrx_word' id='word_1_72' title='bbox 406 872 487 910; x_wconf 89' lang='lat' dir='ltr'>sine</span> <span class='ocrx_word' id='word_1_73' title='bbox 526 875 643 916; x_wconf 89' lang='lat' dir='ltr'>dubio</span> <span class='ocrx_word' id='word_1_74' title='bbox 686 883 913 930; x_wconf 84' lang='lat' dir='ltr'>periissent,</span> <span class='ocrx_word' id='word_1_75' title='bbox 966 890 1039 930; x_wconf 86' lang='lat' dir='ltr'>nisi</span> <span class='ocrx_word' id='word_1_76' title='bbox 1077 894 1165 933; x_wconf 82' lang='lat' dir='ltr'>haec</span> 
     </span>
     <span class='ocr_line' id='line_1_12' title="bbox 96 930 991 998; baseline 0.035 -31"><span class='ocrx_word' id='word_1_77' title='bbox 96 930 377 976; x_wconf 84' lang='lat' dir='ltr'>Pharisaeorum</span> <span class='ocrx_word' id='word_1_78' title='bbox 416 944 561 989; x_wconf 87' lang='lat' dir='ltr'>placitis</span> <span class='ocrx_word' id='word_1_79' title='bbox 595 947 725 989; x_wconf 86' lang='lat' dir='ltr'>hausta</span> <span class='ocrx_word' id='word_1_80' title='bbox 753 957 991 998; x_wconf 82' lang='lat' dir='ltr'>narravisset.</span> 
     </span>
     <span class='ocr_line' id='line_1_13' title="bbox 145 1002 1214 1085; baseline 0.035 -46"><span class='ocrx_word' id='word_1_81' title='bbox 145 1002 291 1043; x_wconf 88' lang='lat' dir='ltr'>Haecce</span> <span class='ocrx_word' id='word_1_82' title='bbox 333 1019 454 1049; x_wconf 85' lang='lat' dir='ltr'>autem</span> <span class='ocrx_word' id='word_1_83' title='bbox 496 1016 679 1057; x_wconf 84' lang='lat' dir='ltr'>sufficiant</span> <span class='ocrx_word' id='word_1_84' title='bbox 721 1024 766 1061; x_wconf 90' lang='lat' dir='ltr'>ad</span> <span class='ocrx_word' id='word_1_85' title='bbox 810 1025 1086 1078; x_wconf 85' lang='lat' dir='ltr'>intelligendum</span> <span class='ocrx_word' id='word_1_86' title='bbox 1124 1038 1214 1085; x_wconf 86' lang='lat' dir='ltr'>quid</span> 
     </span>
     <span class='ocr_line' id='line_1_14' title="bbox 87 1070 1214 1146; baseline 0.034 -38"><span class='ocrx_word' id='word_1_87' title='bbox 87 1070 278 1122; x_wconf 89' lang='lat' dir='ltr'>Josephus</span> <span class='ocrx_word' id='word_1_88' title='bbox 299 1090 320 1116; x_wconf 88' lang='lat' dir='ltr'>a</span> <span class='ocrx_word' id='word_1_89' title='bbox 337 1080 542 1123; x_wconf 86' lang='lat' dir='ltr'>Pharisaeis</span> <span class='ocrx_word' id='word_1_90' title='bbox 567 1092 774 1141; x_wconf 85' lang='lat' dir='ltr'>acceperit,</span> <span class='ocrx_word' id='word_1_91' title='bbox 803 1104 840 1133; x_wconf 91' lang='lat' dir='ltr'>et</span> <span class='ocrx_word' id='word_1_92' title='bbox 868 1110 944 1146; x_wconf 93' lang='lat' dir='ltr'>quo</span> <span class='ocrx_word' id='word_1_93' title='bbox 969 1102 1083 1141; x_wconf 90' lang='lat' dir='ltr'>modo</span> <span class='ocrx_word' id='word_1_94' title='bbox 1108 1105 1214 1145; x_wconf 84' lang='lat' dir='ltr'>haec-</span> 
     </span>
     <span class='ocr_line' id='line_1_15' title="bbox 91 1151 1212 1215; baseline 0.033 -37"><span class='ocrx_word' id='word_1_95' title='bbox 91 1152 136 1180; x_wconf 90' lang='lat' dir='ltr'>ce</span> <span class='ocrx_word' id='word_1_96' title='bbox 180 1155 279 1184; x_wconf 85' lang='lat' dir='ltr'>secta</span> <span class='ocrx_word' id='word_1_97' title='bbox 323 1151 354 1186; x_wconf 89' lang='lat' dir='ltr'>ei</span> <span class='ocrx_word' id='word_1_98' title='bbox 391 1153 591 1200; x_wconf 87' lang='lat' dir='ltr'>profuerit.</span> <span class='ocrx_word' id='word_1_99' title='bbox 670 1160 768 1200; x_wconf 89' lang='lat' dir='ltr'>Cum</span> <span class='ocrx_word' id='word_1_100' title='bbox 815 1177 904 1214; x_wconf 85' lang='lat' dir='ltr'>ergo</span> <span class='ocrx_word' id='word_1_101' title='bbox 947 1169 985 1207; x_wconf 87' lang='lat' dir='ltr'>in</span> <span class='ocrx_word' id='word_1_102' title='bbox 1020 1177 1212 1215; x_wconf 89' lang='lat' dir='ltr'>nonnullis</span> 
     </span>
     <span class='ocr_line' id='line_1_16' title="bbox 89 1211 1210 1294; baseline 0.033 -46"><span class='ocrx_word' id='word_1_103' title='bbox 89 1211 212 1261; x_wconf 86' lang='lat' dir='ltr'>locis,</span> <span class='ocrx_word' id='word_1_104' title='bbox 241 1217 296 1254; x_wconf 91' lang='lat' dir='ltr'>uti</span> <span class='ocrx_word' id='word_1_105' title='bbox 334 1221 525 1262; x_wconf 82' lang='lat' dir='ltr'>adnotavit</span> <span class='ocrx_word' id='word_1_106' title='bbox 559 1228 605 1265; x_wconf 90' lang='lat' dir='ltr'>de</span> <span class='ocrx_word' id='word_1_107' title='bbox 644 1229 800 1281; x_wconf 77' lang='lat' dir='ltr'>VVette,</span> <span class='ocrx_word' id='word_1_108' title='bbox 840 1237 1055 1280; x_wconf 85' lang='lat' dir='ltr'>Pharisaeos</span> <span class='ocrx_word' id='word_1_109' title='bbox 1094 1247 1210 1294; x_wconf 84' lang='lat' dir='ltr'>magis</span> 
     </span>
     <span class='ocr_line' id='line_1_17' title="bbox 86 1293 1206 1354; baseline 0.033 -36"><span class='ocrx_word' id='word_1_110' title='bbox 86 1293 196 1329; x_wconf 89' lang='lat' dir='ltr'>quam</span> <span class='ocrx_word' id='word_1_111' title='bbox 236 1298 302 1334; x_wconf 90' lang='lat' dir='ltr'>par</span> <span class='ocrx_word' id='word_1_112' title='bbox 334 1298 390 1327; x_wconf 88' lang='lat' dir='ltr'>est</span> <span class='ocrx_word' id='word_1_113' title='bbox 423 1294 577 1344; x_wconf 88' lang='lat' dir='ltr'>laudet,</span> <span class='ocrx_word' id='word_1_114' title='bbox 630 1299 702 1337; x_wconf 87' lang='lat' dir='ltr'>hoc</span> <span class='ocrx_word' id='word_1_115' title='bbox 748 1304 1007 1347; x_wconf 88' lang='lat' dir='ltr'>detrimentum</span> <span class='ocrx_word' id='word_1_116' title='bbox 1052 1314 1084 1351; x_wconf 90' lang='lat' dir='ltr'>si</span> <span class='ocrx_word' id='word_1_117' title='bbox 1121 1327 1206 1354; x_wconf 89' lang='lat' dir='ltr'>cum</span> 
     </span>
    </p>
   </div>
   <div class='ocr_carea' id='block_1_6' title="bbox 83 1354 1205 1479">
    <p class='ocr_par' dir='ltr' id='par_1_6' title="bbox 83 1354 1205 1479">
     <span class='ocr_line' id='line_1_18' title="bbox 83 1354 1205 1425; baseline 0.033 -37"><span class='ocrx_word' id='word_1_118' title='bbox 83 1354 346 1396; x_wconf 85' lang='lat' dir='ltr'>emolumentis</span> <span class='ocrx_word' id='word_1_119' title='bbox 368 1361 448 1400; x_wconf 88' lang='lat' dir='ltr'>aliis</span> <span class='ocrx_word' id='word_1_120' title='bbox 471 1376 733 1419; x_wconf 83' lang='lat' dir='ltr'>comparetur,</span> <span class='ocrx_word' id='word_1_121' title='bbox 762 1374 916 1416; x_wconf 85' lang='lat' dir='ltr'>minoris</span> <span class='ocrx_word' id='word_1_122' title='bbox 949 1379 1095 1421; x_wconf 88' lang='lat' dir='ltr'>videtur</span> <span class='ocrx_word' id='word_1_123' title='bbox 1119 1396 1205 1425; x_wconf 91' lang='lat' dir='ltr'>esse</span> 
     </span>
     <span class='ocr_line' id='line_1_19' title="bbox 85 1425 374 1479; baseline 0.035 -21"><span class='ocrx_word' id='word_1_124' title='bbox 85 1425 262 1466; x_wconf 87' lang='lat' dir='ltr'>momenti</span> <span class='ocrx_word' id='word_1_125' title='bbox 291 1429 374 1479; x_wconf 82' lang='lat'><em>(2).</em></span> 
     </span>
    </p>
   </div>
   <div class='ocr_carea' id='block_1_7' title="bbox 1199 910 1219 936">
    <p class='ocr_par' dir='ltr' id='par_1_7' title="bbox 1199 910 1219 936">
     <span class='ocr_line' id='line_1_20' title="bbox 1199 910 1219 936; baseline 0 0"><span class='ocrx_word' id='word_1_126' title='bbox 1199 910 1219 936; x_wconf 78' lang='lat' dir='ltr'><strong>e</strong></span> 
     </span>
    </p>
   </div>
   <div class='ocr_carea' id='block_1_8' title="bbox 79 1433 1202 1637">
    <p class='ocr_par' dir='ltr' id='par_1_8' title="bbox 79 1433 1202 1637">
     <span class='ocr_line' id='line_1_21' title="bbox 442 1433 1202 1495; baseline 0.033 -25"><span class='ocrx_word' id='word_1_127' title='bbox 442 1433 504 1473; x_wconf 85' lang='lat' dir='ltr'>Ex</span> <span class='ocrx_word' id='word_1_128' title='bbox 539 1436 642 1477; x_wconf 87' lang='lat' dir='ltr'>hisce</span> <span class='ocrx_word' id='word_1_129' title='bbox 683 1453 770 1491; x_wconf 88' lang='lat' dir='ltr'>ergo</span> <span class='ocrx_word' id='word_1_130' title='bbox 809 1457 903 1492; x_wconf 89' lang='lat' dir='ltr'>quae</span> <span class='ocrx_word' id='word_1_131' title='bbox 935 1449 1097 1492; x_wconf 87' lang='lat' dir='ltr'>diximus</span> <span class='ocrx_word' id='word_1_132' title='bbox 1135 1457 1202 1495; x_wconf 90' lang='lat' dir='ltr'>hac</span> 
     </span>
     <span class='ocr_line' id='line_1_22' title="bbox 79 1490 1201 1565; baseline 0.033 -37"><span class='ocrx_word' id='word_1_133' title='bbox 79 1490 124 1539; x_wconf 72' lang='lat'>§0</span> <span class='ocrx_word' id='word_1_134' title='bbox 162 1494 369 1537; x_wconf 86' lang='lat' dir='ltr'>luculenter</span> <span class='ocrx_word' id='word_1_135' title='bbox 412 1512 512 1550; x_wconf 87' lang='lat' dir='ltr'>patet</span> <span class='ocrx_word' id='word_1_136' title='bbox 547 1507 705 1558; x_wconf 88' lang='lat' dir='ltr'>Josephi</span> <span class='ocrx_word' id='word_1_137' title='bbox 753 1515 1006 1558; x_wconf 86' lang='lat' dir='ltr'>educationem</span> <span class='ocrx_word' id='word_1_138' title='bbox 1047 1527 1201 1565; x_wconf 85' lang='lat' dir='ltr'>maxime</span> 
     </span>
     <span class='ocr_line' id='line_1_23' title="bbox 79 1560 1197 1637; baseline 0.034 -40"><span class='ocrx_word' id='word_1_139' title='bbox 79 1560 198 1601; x_wconf 85' lang='lat' dir='ltr'>fuisse</span> <span class='ocrx_word' id='word_1_140' title='bbox 226 1565 392 1608; x_wconf 87' lang='lat' dir='ltr'>idoneam</span> <span class='ocrx_word' id='word_1_141' title='bbox 422 1575 466 1611; x_wconf 90' lang='lat' dir='ltr'>ad</span> <span class='ocrx_word' id='word_1_142' title='bbox 495 1574 688 1618; x_wconf 89' lang='lat' dir='ltr'>facultates</span> <span class='ocrx_word' id='word_1_143' title='bbox 723 1594 742 1620; x_wconf 91' lang='lat' dir='ltr'>a</span> <span class='ocrx_word' id='word_1_144' title='bbox 777 1594 905 1625; x_wconf 86' lang='lat' dir='ltr'>natura</span> <span class='ocrx_word' id='word_1_145' title='bbox 942 1589 1014 1637; x_wconf 85' lang='lat' dir='ltr'>ipsi</span> <span class='ocrx_word' id='word_1_146' title='bbox 1039 1594 1197 1635; x_wconf 87' lang='lat' dir='ltr'>tributas</span> 
     </span>
    </p>
   </div>
   <div class='ocr_carea' id='block_1_9' title="bbox 76 1631 1201 1714">
    <p class='ocr_par' dir='ltr' id='par_1_9' title="bbox 76 1631 1201 1714">
     <span class='ocr_line' id='line_1_24' title="bbox 76 1631 1201 1714; baseline 0.031 -46"><span class='ocrx_word' id='word_1_147' title='bbox 76 1631 148 1670; x_wconf 84' lang='lat' dir='ltr'>rite</span> <span class='ocrx_word' id='word_1_148' title='bbox 181 1638 398 1678; x_wconf 84' lang='lat' dir='ltr'>excolendas</span> <span class='ocrx_word' id='word_1_149' title='bbox 437 1652 473 1679; x_wconf 90' lang='lat' dir='ltr'>et</span> <span class='ocrx_word' id='word_1_150' title='bbox 513 1645 606 1684; x_wconf 83' lang='lat' dir='ltr'>bene</span> <span class='ocrx_word' id='word_1_151' title='bbox 642 1649 908 1704; x_wconf 87' lang='lat' dir='ltr'>instituendas,</span> <span class='ocrx_word' id='word_1_152' title='bbox 958 1658 1006 1697; x_wconf 82' lang='lat' dir='ltr'>ira</span> <span class='ocrx_word' id='word_1_153' title='bbox 1044 1672 1086 1700; x_wconf 92' lang='lat' dir='ltr'>ut</span> <span class='ocrx_word' id='word_1_154' title='bbox 1128 1677 1201 1714; x_wconf 82' lang='lat' dir='ltr'>op-</span> 
     </span>
    </p>
   </div>
   <div class='ocr_carea' id='block_1_10' title="bbox 76 1705 1193 1781">
    <p class='ocr_par' dir='ltr' id='par_1_10' title="bbox 76 1705 1193 1781">
     <span class='ocr_line' id='line_1_25' title="bbox 76 1705 1193 1781; baseline 0.03 -43"><span class='ocrx_word' id='word_1_155' title='bbox 76 1705 324 1751; x_wconf 86' lang='lat' dir='ltr'>portunitates</span> <span class='ocrx_word' id='word_1_156' title='bbox 360 1711 480 1760; x_wconf 84' lang='lat' dir='ltr'>vitae,</span> <span class='ocrx_word' id='word_1_157' title='bbox 509 1728 601 1764; x_wconf 78' lang='lat' dir='ltr'>quas</span> <span class='ocrx_word' id='word_1_158' title='bbox 638 1719 709 1758; x_wconf 88' lang='lat' dir='ltr'>huc</span> <span class='ocrx_word' id='word_1_159' title='bbox 744 1733 864 1771; x_wconf 88' lang='lat' dir='ltr'>usque</span> <span class='ocrx_word' id='word_1_160' title='bbox 897 1727 1051 1777; x_wconf 86' lang='lat' dir='ltr'>habuit,</span> <span class='ocrx_word' id='word_1_161' title='bbox 1080 1734 1193 1781; x_wconf 79' lang='lat' dir='ltr'>aptis—</span> 
     </span>
    </p>
   </div>
   <div class='ocr_carea' id='block_1_11' title="bbox 67 1771 1190 1896">
    <p class='ocr_par' dir='ltr' id='par_1_11' title="bbox 67 1771 1190 1896">
     <span class='ocr_line' id='line_1_26' title="bbox 75 1771 1190 1844; baseline 0.032 -36"><span class='ocrx_word' id='word_1_162' title='bbox 75 1771 188 1811; x_wconf 91' lang='lat' dir='ltr'>simae</span> <span class='ocrx_word' id='word_1_163' title='bbox 220 1777 265 1814; x_wconf 88' lang='lat' dir='ltr'>ad</span> <span class='ocrx_word' id='word_1_164' title='bbox 299 1777 474 1820; x_wconf 82' lang='lat' dir='ltr'>historiae</span> <span class='ocrx_word' id='word_1_165' title='bbox 523 1786 740 1836; x_wconf 87' lang='lat' dir='ltr'>scriptorem</span> <span class='ocrx_word' id='word_1_166' title='bbox 777 1803 876 1834; x_wconf 85' lang='lat' dir='ltr'>recte</span> <span class='ocrx_word' id='word_1_167' title='bbox 917 1797 1190 1844; x_wconf 85' lang='lat' dir='ltr'>informandum</span> 
     </span>
     <span class='ocr_line' id='line_1_27' title="bbox 67 1844 439 1896; baseline 0.035 -19"><span class='ocrx_word' id='word_1_168' title='bbox 67 1849 154 1881; x_wconf 78' lang='lat' dir='ltr'>esse</span> <span class='ocrx_word' id='word_1_169' title='bbox 188 1844 395 1889; x_wconf 88' lang='lat' dir='ltr'>videantur.</span> <span class='ocrx_word' id='word_1_170' title='bbox 433 1890 439 1896; x_wconf 66' lang='grc'><strong><em>,</em></strong></span> 
     </span>
    </p>
   </div>
   <div class='ocr_carea' id='block_1_12' title="bbox 108 1995 597 2101">
    <p class='ocr_par' dir='ltr' id='par_1_12' title="bbox 108 1995 597 2101">
     <span class='ocr_line' id='line_1_28' title="bbox 109 1995 597 2044; baseline 0.035 -20"><span class='ocrx_word' id='word_1_171' title='bbox 109 1995 160 2034; x_wconf 78' lang='grc' dir='ltr'>(ι)</span> <span class='ocrx_word' id='word_1_172' title='bbox 182 1997 233 2028; x_wconf 90' lang='lat' dir='ltr'>Cf.</span> <span class='ocrx_word' id='word_1_173' title='bbox 256 2001 326 2031; x_wconf 84' lang='lat' dir='ltr'>Ant.</span> <span class='ocrx_word' id='word_1_174' title='bbox 348 2003 426 2034; x_wconf 83' lang='lat' dir='ltr'>xm.</span> <span class='ocrx_word' id='word_1_175' title='bbox 451 2014 496 2036; x_wconf 81' lang='grc' dir='ltr'>ιο.</span> <span class='ocrx_word' id='word_1_176' title='bbox 520 2009 547 2044; x_wconf 68' lang='lat' dir='ltr'>s.</span> <span class='ocrx_word' id='word_1_177' title='bbox 567 2014 597 2040; x_wconf 83' lang='lat'>6.</span> 
     </span>
     <span class='ocr_line' id='line_1_29' title="bbox 108 2055 568 2101; baseline 0.03 -19"><span class='ocrx_word' id='word_1_178' title='bbox 108 2055 160 2093; x_wconf 71' lang='grc' dir='ltr'>(α)</span> <span class='ocrx_word' id='word_1_179' title='bbox 181 2057 229 2086; x_wconf 86' lang='lat' dir='ltr'>Cf.</span> <span class='ocrx_word' id='word_1_180' title='bbox 253 2059 289 2087; x_wconf 87' lang='lat' dir='ltr'>de</span> <span class='ocrx_word' id='word_1_181' title='bbox 312 2063 431 2099; x_wconf 71' lang='lat' dir='ltr'>wenc,</span> <span class='ocrx_word' id='word_1_182' title='bbox 457 2065 568 2101; x_wconf 75' lang='lat' dir='ltr'>Dogm.</span> 
     </span>
    </p>
   </div>
  </div>
 </body>
</html>
