1487 2703
185 192 255 228 144
403 170 1074 214 COMMENTATIO

184 299 267 333 tra,
307 296 414 334 quam
444 282 698 322 Schubart
734 292 837 319 von
878 279 1159 328 Kleefeld,
1201 280 1299 319 inter

176 356 396 396 Germaniae
429 352 668 402 praecipuos.
731 351 861 390 Locus
891 361 1010 388 tamen
1056 362 1180 399 neque
1206 361 1300 389 tem-

172 439 246 477 pus
277 425 405 464 sinunt
424 452 436 471 ‚
464 433 506 461 ut
534 422 657 461 omnia
689 421 750 459 ina
784 432 853 473 pro
880 430 916 458 et
947 429 1080 458 contra
1104 420 1298 458 admovea-

168 510 278 545 mus,
303 497 411 534 liceat
443 494 580 542 igitur,
611 502 653 530 ut
672 491 882 530 summatim
898 492 1106 528 inserantur
1141 500 1184 528 ea
1210 500 1293 527 mo-

173 568 250 614 do,
277 576 372 613 quae
407 564 553 602 monuit
586 573 670 600 van
707 562 794 599 der
832 561 999 608 chys,
1052 559 1098 597 de
1132 558 1296 597 stabula-

172 636 276 675 tione
310 642 518 683 perpetua,
547 639 718 680 respectu
757 629 895 679 patriae
940 637 1091 667 nostrae
1133 629 1295 677 scriptor

174 704 464 751 meritissimus,
492 704 552 741 vel
578 714 673 750 quae
695 702 793 750 apud
815 701 909 740 alios
947 700 1151 738 nonnullos
1189 699 1292 738 inve-

171 777 295 815 nimus
313 804 326 823 ,
354 784 466 822 atque
488 774 563 811 huc
589 773 771 810 redeunt:
934 769 939 772 ’

227 847 280 886 1⁰.
309 848 433 884 Aurea
469 852 526 881 est
550 842 748 880 methodus
771 841 837 879 ubi
856 840 966 878 fimus
990 850 1067 878 non
1087 838 1159 883 nisi
1189 850 1293 878 sum-

175 918 275 956 tibus
323 914 465 963 magnis
499 911 705 961 comparari
746 919 902 960 potest3
929 921 1014 948 narn
1051 920 1181 959 magna
1211 908 1292 948 fimi

173 987 281 1036 copia
314 986 400 1023 inde
425 983 650 1032 acquiritur.
1271 970 1274 973 ’

226 1061 283 1097 2⁰.
312 1057 372 1096 Ex
404 1066 491 1104 agro
515 1053 661 1092 minore
694 1052 811 1102 major
836 1051 882 1090 ali
904 1059 1032 1101 potest
1053 1049 1198 1099 pecoris
1222 1059 1294 1088 nu-

173 1139 295 1167 merus
337 1126 424 1175 quia
467 1124 612 1173 plantae
659 1131 849 1161 metuntur
900 1130 1069 1171 tempore
1106 1120 1291 1168 florendi,

173 1190 349 1245 nuuaqu'e
374 1197 529 1245 planta,
574 1204 621 1231 ne
647 1192 798 1231 minima
831 1202 922 1231 tunc
961 1191 1072 1240 perit.
1113 1213 1166 1222 —-
1189 1190 1292 1229 Haec

177 1278 296 1307 autern
323 1265 440 1315 magis
473 1263 677 1313 respiciunt
703 1264 749 1301 ad
775 1263 973 1313 Trifolium
1007 1271 1080 1300 etc.

220 1338 276 1388 3⁰.
304 1338 422 1375 Pecus
459 1332 780 1373 vicissitudinibus
817 1331 911 1370 aeris
945 1342 1022 1368 non
1068 1331 1128 1367 vel
1162 1329 1286 1368 minus

147 1408 411 1458 expositum,
443 1404 583 1454 optima
613 1403 750 1440 fruitur
787 1400 944 1438 sanitate
963 1427 977 1446 ,
1013 1407 1126 1446 atque
1160 1396 1290 1436 docuit

167 1476 415 1528 experientia,
456 1475 556 1513 nulla
594 1470 828 1510 incommoda
864 1469 955 1507 oriri
997 1479 1044 1507 ex
1079 1467 1290 1507 inclusione

172 1551 232 1589 vel
264 1547 345 1587 aliis
378 1544 527 1591 causis,
568 1553 660 1590 quas
692 1539 932 1579 stabulationi
962 1546 1161 1588 perpetuae
1191 1548 1288 1577 non-

168 1619 262 1658 nulli
290 1616 582 1665 adscripserunt.

219 1695 281 1738 4⁰.
311 1684 723 1731 stabulatio-perpetua
745 1680 854 1719 etiam
877 1678 1049 1718 lucritiva
1078 1686 1160 1726 est,
1189 1688 1287 1727 quo-

173 1761 218 1798 ad
257 1769 332 1796 rem
372 1753 646 1805 pecuniariam,
685 1760 723 1790 et
756 1750 848 1790 varii
882 1749 1030 1788 labores
1066 1748 1195 1787 debito
1222 1758 1284 1786 or-

171 1830 256 1868 dine
287 1827 420 1866 melius
448 1823 523 1863 sibi
550 1823 849 1871 subsequuntur.
1072 1804 1074 1806 V

220 1899 304 1938 Fiat
341 1905 464 1935 autem
494 1893 690 1932 distinctio
728 1904 798 1942 pro
834 1892 1048 1931 diversitate
1081 1891 1248 1929 locorum
1266 1917 1280 1937 ,

167 1970 221 2010 sic
254 1968 351 2007 enim
384 1964 585 2004 stabulatio
618 1973 796 2012 perpetua
835 1962 947 2000 certis
981 1955 1202 2010 quibusdam
1225 1969 1284 1998 re·

171 2039 344 2090 gionibus
378 2035 577 2075 utilissima
597 2034 784 2081 habetur,
812 2032 850 2070 in
875 2031 954 2070 aliis
989 2042 1078 2070 vero
1108 2040 1185 2068 non
1216 2040 1281 2067 ne·

173 2109 329 2149 cessaria
353 2115 432 2145 est:
485 2116 568 2143 nam
609 2103 806 2153 praecipue
841 2101 1046 2148 convenit,
1075 2100 1141 2139 ubi
1175 2107 1280 2148 prata

168 2190 323 2229 prorsus
370 2174 589 2223 deficiunt,
619 2175 679 2212 vel
713 2173 776 2211 ubi
825 2171 947 2211 minus
984 2171 1082 2209 bona
1115 2178 1204 2208 sunt
1241 2177 1278 2207 et

1210 2238 1274 2276 ubi
