1487 2703
220 212 267 247 74
435 192 1104 235 COMMENTATIO

217 305 395 352 urbisque
428 303 630 352 perierunt.
685 302 780 340 Nam
824 302 991 349 quamvis
1026 301 1107 349 ipse
1137 300 1326 351 Josephus

216 376 304 415 dicit
330 374 422 423 (1):
451 377 489 415 οὐ
520 375 592 421 γὰρ
616 374 780 421 μυριάδες
803 373 964 420 βεβλίων
998 373 1063 412 εἰσὶ
1099 375 1182 421 παρ’
1218 374 1329 420 ἡμῖν,

215 446 438 494 ἀσυμφώνων
479 445 539 484 καὶ
573 444 809 492 μαχομένων,
846 445 903 484 δύο
939 445 974 483 δὲ
1011 443 1102 491 μόνοι
1136 445 1219 492 πρὸς
1257 448 1329 486 τοῖς

217 517 322 555 ε’ίκοσι
350 515 506 562 βιβλία,
531 517 592 553 τοῦ
616 516 749 557 παντὸς
772 513 904 562 ἔχοντα
930 513 1053 561 χρόνου
1079 515 1141 558 ’τὴν
1170 515 1332 560 ἀναγροι·

217 587 315 634 cpi-w,
355 586 406 623 τὰ
443 585 581 628 δικαίως
620 584 696 623 θεῖοι
735 584 1002 630 πεπιστευμένοι
1039 598 1075 623 κ.
1100 598 1139 622 τ.
1165 593 1202 622 λ.
1241 581 1332 618 haec

219 653 309 691 mihi
344 653 515 691 videntur
546 663 623 690 non
658 652 813 701 intelligi
845 652 976 690 debere
1001 663 1042 689 ac
1069 651 1102 689 si
1129 651 1334 689 solummo-

219 723 269 761 do
305 723 343 761 hi
378 722 464 761 libri
499 731 586 761 tunc
623 722 800 771 temporis
836 722 1032 768 adessent,
1060 721 1228 768 nullique
1251 720 1335 768 plu-

220 802 307 841 res,
347 794 413 831 sed
448 793 577 841 potius
608 803 690 830 eum
728 791 910 830 indicasse
947 792 1061 829 hosce
1098 790 1215 828 libros
1253 799 1336 828 esse

222 875 263 902 re
293 875 378 902 vera
409 863 587 910 divinos,
640 863 726 900 illos
761 874 799 900 re
834 873 919 900 vera
956 860 1147 910 profectos
1194 870 1277 898 esse
1315 871 1337 897 a

221 933 409 982 profetis,
438 932 476 970 id
515 942 596 982 est,
622 932 843 972 secundum'
866 931 1080 981 opinionem
1109 930 1336 980 judaeorum

221 1005 319 1044 κοντοὶ
350 1006 413 1050 τὴν
445 1005 627 1044 ἔπίπνοιοιν
666 1005 730 1050 τὴν
762 1005 834 1044 ἀπὸ
868 1007 930 1043 τοῦ
974 1005 1063 1043 Θεοῦ
1103 1005 1190 1050 (2).
1269 1000 1338 1039 Illa

223 1073 332 1112 etiam
367 1073 496 1122 opinio
536 1081 592 1111 est
627 1072 712 1110 Viri
753 1072 855 1111 clar.
895 1071 932 1121 J.
971 1072 1023 1110 A.
1064 1069 1246 1117 Ernesti,
1298 1068 1338 1106 in

223 1143 369 1191 opusc.
398 1142 533 1181 Philol.
563 1151 600 1180 et
628 1141 725 1181 Crit.
753 1154 794 1191 p.
823 1143 940 1190 381„
968 1140 1032 1179 ubi
1055 1141 1144 1178 haec
1169 1138 1339 1188 pulcher-

220 1212 313 1250 rime
338 1213 567 1260 explicantur
593 1211 681 1261 (3).

273 1282 474 1320 Librorum
510 1291 698 1319 sacrorum
725 1280 842 1318 codex
880 1280 945 1327 qui
970 1286 1060 1327 post
1085 1276 1250 1317 Exilium
1272 1274 1342 1314 Ba-

222 1351 439 1401 bylonicum
475 1351 514 1389 in
550 1350 692 1400 templo
732 1349 1019 1395 adservabatur‚
1061 1359 1136 1396 quo
1174 1355 1340 1394 ternpore

223 1422 434 1460 Antiochus
470 1421 685 1469 Epiphanes
714 1420 894 1467 templum
918 1418 1127 1466 spoliabat,
1154 1415 1341 1455 interiisse

224 1492 372 1540 quidem
404 1490 578 1537 videtur,
631 1498 791 1528 attamen
833 1487 1028 1536 probabile
1063 1495 1120 1524 est
1157 1485 1339 1524 Codicem

224 1566 270 1599 ex
300 1561 381 1599 aliis
419 1572 512 1608 qnae
544 1567 784 1608 suppeterent
821 1556 1090 1606 exemplaribus
1126 1555 1338 1594 restitutum

223 1644 305 1670 esse
337 1632 387 1670 ita
420 1640 463 1669 ut
490 1630 647 1679 Josephi
687 1637 852 1678 ternpore
884 1629 1017 1668 Codex
1050 1627 1112 1665 ille
1147 1626 1264 1665 adhuc
1300 1625 1340 1663 in

223 1703 363 1751 templo
399 1702 544 1739 adesset
566 1699 657 1750 (4).

267 1772 425 1822 Josephi
458 1781 625 1819 tempore
646 1770 796 1819 lingua,
826 1781 898 1817 qua
923 1767 1083 1806 Hebraei
1116 1766 1339 1812 utebantur,

223 1854 300 1882 non
333 1842 490 1892 amplius
523 1850 600 1880 erat
634 1841 695 1879 illa
731 1840 906 1888 antiqua,
934 1848 970 1877 et
997 1849 1115 1887 pura,
1142 1837 1208 1875 sed
1233 1837 1342 1885 dege-

1276 1916 1340 1944 ne·

266 1989 320 2029 (ι)
343 1991 394 2019 (f.
416 1991 484 2028 Jos.
506 1989 538 2018 in
559 1988 672 2024 Apion.
695 1988 721 2016 1.
744 1988 772 2024 ς.
793 1991 823 2017 8.

258 2049 312 2086 (2)
333 2049 381 2077 Cf.
400 2048 469 2085 Jos.
491 2046 522 2075 in
544 2047 605 2082 Ap.
627 2045 652 2074 1.
672 2041 704 2083 §.
726 2052 756 2080 7.

265 2105 318 2143 (3)
341 2105 402 2134 eff.
431 2106 499 2133 loca
524 2104 560 2132 ab
585 2101 704 2133 Ernesti
729 2103 810 2131 laud.
839 2109 948 2138 nempe
974 2100 1006 2129 in
1037 2098 1144 2136 primis
1175 2099 1337 2135 spanhem.

228 2163 310 2193 Dub.
331 2163 444 2197 Euang.
459 2170 491 2197 p.
511 2162 552 2190 11.
574 2169 606 2196 p.
627 2165 693 2195 585.
715 2167 776 2190 etc·

265 2218 318 2257 (4)
339 2219 389 2250 Cf.
409 2219 440 2256 J.
463 2220 500 2250 H.
518 2220 649 2255 Pal-ew,
675 2219 751 2247 lust.
774 2218 895 2254 Inter-p.
921 2218 959 2246 V.
982 2217 1017 2245 F.
1040 2225 1073 2252 p.
1095 2216 1119 2245 1.
1142 2224 1168 2246 s.
1187 2216 1211 2245 1.
1231 2222 1260 2244 c.
1285 2215 1338 2244 111.

230 2275 260 2315 §.
283 2295 311 2312 ο.

1330 2023 1349 2050 l
