1544 2693
336 162 408 199 162
555 156 1218 198 COMMENTATIO

331 269 412 306 dem
451 268 569 306 meriti
607 268 690 306 sunt
725 267 952 306 Catechismi
987 268 1135 305 Palatini
1169 276 1338 308 auctores
1366 281 1436 318 eo,

332 339 457 386 quod,
502 339 539 375 in
567 338 693 375 libello
729 338 897 384 popuiari
925 337 1145 383 scribendo,
1181 349 1255 375 non
1290 339 1435 386 quidem

326 410 414 446 haec
447 408 619 457 mysteria
650 408 946 454 dissimularent,
986 407 1044 444 sed
1085 418 1193 454 parce
1231 420 1270 445 ea
1304 417 1437 446 tracta-

323 486 431 524 rent,
457 477 567 525 seque
603 476 822 514 abstinerent
858 476 903 514 ab
941 476 1093 525 argutiis
1132 475 1321 524 nimiaque
1354 477 1436 515 dili·

321 547 469 596 gentia,
508 547 546 585 in
581 546 842 594 describendo,
892 546 1106 594 probando,
1138 546 1354 584 illustrando
1390 559 1432 584 ac

317 616 562 657 defendendo.

371 688 547 727 Cernitur
571 688 660 726 haec
687 686 881 735 prudentia
912 687 949 723 in
983 686 1056 732 iis,
1085 696 1179 734 quae
1203 685 1429 725 Catechismi

314 759 511 808 scriptores
540 758 702 804 docent,
730 758 775 796 de
809 757 886 795 Deo
914 765 1087 802 aeterno,
1125 767 1224 802 resp.
1262 757 1428 804 24—26.

315 838 356 880 et
379 828 512 879 ubique
531 829 751 879 praesente,
793 838 859 873 27.
888 827 933 863 de
958 833 1109 864 aeterno
1147 826 1223 863 Dei
1256 826 1425 876 consilio,

314 886 378 937 '26.
407 900 453 936 de
479 896 610 935 mundi
637 899 893 949 procreatione
918 908 937 933 e
962 895 1075 934 nihilo
1092 923 1104 941 2
1132 894 1226 932 ibid.
1261 895 1320 932 de‘
1337 905 1425 945 pro·

309 966 481 1006 videntia
502 965 637 1004 divina‘
661 978 718 1004 res
743 977 861 1003 omnes
877 963 1084 1010 sustinente
1110 973 1145 1002 et
1167 964 1425 1012 gubernante,

309 1038 375 1075 26.
404 1037 448 1074 de
477 1035 552 1073 Dei
579 1035 676 1073 Filio
701 1036 915 1083 unigenito,
955 1045 1017 1082 33.
1045 1034 1090 1071 de
1121 1035 1270 1073 natura*
1292 1034 1424 1072 huma-

309 1106 364 1144 πά
385 1107 434 1144 ab
466 1119 505 1144 eo
539 1104 707 1153 assumtd
721 1133 735 1152 ,
780 1114 842 1154 35.
879 1105 925 1143 de
956 1104 1099 1142 Christi
1122 1101 1421 1152 resurreetione,

309 1186 374 1225 45.
416 1176 614 1225 ascenfione
648 1177 689 1212 in
714 1175 849 1213 eoelum
865 1202 878 1220 ‚
916 1185 980 1221 49.
1011 1183 1048 1212 et
1081 1173 1206 1212 reditu
1240 1173 1295 1212 ad
1322 1173 1421 1214 iude·-

306 1249 431 1293 cium‚
474 1256 535 1293 52.
582 1246 626 1283 de
669 1246 817 1295 Spiritu
846 1244 1001 1291 sancto,
1051 1255 1112 1292 53.
1162 1244 1207 1282 de
1254 1250 1418 1284 naturae

305 1316 492 1354 humanae
525 1317 721 1366 pravitate
763 1327 781 1352 e
820 1314 925 1364 lapsu
968 1316 1172 1365 primorum
1215 1324 1415 1365 parentum

306 1385 422 1432 orta‘,
452 1397 490 1433 7.
519 1386 564 1423 de
594 1388 893 1435 regeneratione,
923 1387 959 1422 3.
990 1397 1053 1433 70.
1080 1386 1125 1422 de
1150 1384 1418 1429 resurrectione

303 1457 431 1492 carnis
459 1465 521 1501 57.
554 1462 589 1491 et
619 1454 706 1492 vita*
731 1453 910 1501 aeterna,
947 1456 1009 1502 58.
1061 1454 1104 1491 In
1133 1454 1287 1502 singulis
1319 1454 1414 1493 enim

305 1524 398 1562 iocis
433 1535 517 1560 cum
545 1523 730 1561 inveniant
761 1523 978 1571 Theologi‚
1005 1524 1051 1561 de
1074 1523 1213 1571 quibus
1246 1523 1414 1564 dubitare

297 1603 375 1631 non
419 1593 555 1637 liceat,
612 1604 770 1640 quorum
824 1604 913 1630 vero
961 1593 1138 1631 rationem
1185 1594 1412 1641 modumque

297 1664 395 1701 haud
430 1662 672 1711 perspiciant„
705 1671 804 1700 ortae
829 1661 912 1700 sunt
937 1663 974 1700 in
1005 1662 1140 1700 scholis
1171 1663 1408 1710 quaestiones

292 1743 332 1771 et
366 1733 640 1780 disputationes
665 1743 739 1769 non
769 1743 928 1780 paucae,
958 1743 1085 1780 parum
1117 1743 1204 1770 vero
1236 1728 1407 1771 fructuo-

293 1803 374 1851 sae,
402 1815 448 1841 ne
474 1804 561 1850 quid
591 1803 758 1840 acerbius
784 1803 900 1840 dicam
919 1831 931 1849 ‚
960 1803 997 1839 in
1034 1802 1261 1842 institutione
1285 1816 1407 1852 popu·

291 1874 371 1911 lari.
426 1873 576 1923 Quibus
608 1885 689 1910 cum
735 1873 1094 1920 Heidelbergenfium
1127 1873 1404 1922 circumspectio

289 1945 467 1993 impedire
502 1944 663 1982 noluerit
693 1943 905 1981 discentium
944 1943 1076 1990 fidem,
1113 1944 1243 1981 merito
1273 1955 1400 1983 eorum

290 2016 484 2062 prudentia
508 2015 675 2052 laudatur
695 2014 740 2051 ab
765 2014 892 2061 aequis
925 2014 1051 2051 harum
1087 2025 1206 2053 rerum
1233 2015 1399 2052 aestima-

291 2085 452 2123 toribus,
481 2085 555 2134 (w)

1261 2156 1298 2201 ἕ.
1331 2168 1391 2203 14.

324 2235 382 2273 (w)
407 2238 496 2265 noct.
529 2236 799 2269 Reddingiuffi
829 2236 881 2264 tib.
914 2238 934 2264 l.
966 2244 1032 2271 pag.
1062 2240 1187 2273 45—48.
1227 2236 1306 2265 inter
1335 2237 1392 2266 alia

1511 2368 1522 2693 ἒ
