1487 2703
236 185 307 212 122
464 168 1128 212 COMMENTATIO

232 288 362 332 potest
391 288 536 330 gentem
569 290 672 318 suam
701 279 873 318 laudibus
909 279 1015 319 effert
1047 290 1083 319 et
1114 280 1165 319 ita
1198 280 1273 331 agit
1304 290 1348 320 ut

234 350 285 390 ad
317 349 440 389 omnia
475 360 569 397 quae
599 348 734 389 honori
772 348 806 387 ei
842 357 932 387 sunt
968 350 1050 388 data
1088 360 1200 399 opera
1230 358 1350 390 atten-

233 417 308 455 dat.
385 414 559 465 Quisque
599 414 666 462 qui
699 413 750 451 ita
794 413 924 452 scribit
961 414 1096 463 dignus
1148 423 1205 454 est
1245 415 1375 463 quod,

233 485 416 524 laudetur.
455 508 508 516 -
540 485 615 525 Sed
648 484 715 533 qui
750 483 888 522 nimius
921 485 1114 533 procedit,
1151 494 1189 523 et
1221 493 1351 524 contra

234 556 424 594 veritatem
459 555 655 603 loquitur,
708 553 758 592 ita
791 563 834 592 ut
867 563 988 593 narret
1023 567 1118 603 quae
1149 566 1360 603 numquam

207 639 209 641 ·
231 625 359 664 locum
396 626 606 664 habuerunt
621 653 634 672 ,
661 624 811 662 silentio
853 636 942 663 vero
967 624 1235 673 praetermittat
1259 636 1360 673 quae⁴

234 698 378 746 populo
414 708 485 734 suo
514 695 686 734 dedecori
721 704 834 742 sunt,
861 705 973 742 atque
1013 696 1062 733 ita
1097 696 1143 732 de
1178 695 1353 734 omnibus

234 769 458 815 mentiatur,
511 766 594 804 talis
639 765 801 814 scriptor
847 765 928 803 sine
975 765 1091 804 dubio
1134 764 1358 814 rejiciendus

236 847 307 877 est.
362 838 437 877 Sed
469 837 659 876 videamus
684 837 759 886 jam
798 836 844 874 ad
879 846 1074 884 quemnam
1102 834 1270 874 ordinem
1287 833 1358 884 Jo-

236 909 375 958 sephus
412 908 611 957 pertineat.

287 979 365 1030 Qui
385 979 545 1029 Josephi
577 979 715 1027 scripta
743 985 911 1016 accurate
932 976 1023 1025 legit
1046 976 1170 1015 statim
1194 974 1360 1014 animad-

233 1058 356 1089 vertet
393 1061 476 1088 eum
509 1051 693 1098 populum
725 1059 834 1086 suum
868 1047 1032 1096 diligere.
1096 1046 1166 1085 Uti
1196 1046 1272 1095 jam
1302 1043 1359 1082 vi-

235 1120 358 1159 dimus
396 1120 495 1169 Cap.
537 1120 586 1159 ΙΙ.
628 1120 666 1167 §-
709 1120 747 1158 6.
793 1129 938 1167 semper
975 1116 1095 1166 gentis
1135 1126 1224 1154 suae
1254 1116 1359 1164 luget

235 1190 486 1237 calamitates,
516 1198 552 1228 et
588 1190 655 1228 ubi
687 1197 814 1238 potest
852 1201 893 1227 ea
928 1200 1023 1236 quae
1055 1188 1089 1225 ei
1120 1185 1257 1225 honori
1276 1196 1359 1224 esse

232 1270 421 1310 possunt,
450 1261 543 1298 bene
574 1261 740 1299 adnotat.
794 1260 867 1298 Sed
903 1260 975 1297 hoc
1008 1269 1085 1297 non
1122 1257 1211 1296 facit
1241 1257 1293 1295 ita
1316 1264 1360 1294 ut

232 1332 318 1370 inde
355 1330 532 1369 historica
560 1332 640 1380 eJ'us
674 1329 765 1368 fides
790 1328 1031 1368 diminuatur.
1087 1328 1250 1378 Quando
1273 1337 1360 1366 nar-

231 1403 341 1440 randa
385 1409 474 1439 sunt
511 1400 634 1438 minus
674 1399 908 1445 honorifica,
961 1400 1051 1438 haec
1090 1410 1167 1437 non
1203 1398 1356 1437 silentio

231 1472 506 1519 praetermittit.
559 1470 721 1509 Probant
761 1471 834 1508 hoc
874 1481 914 1508 ea
942 1481 1037 1518 quae
1065 1469 1154 1508 dicit
1176 1470 1220 1507 de
1243 1470 1359 1508 Israel·

235 1541 382 1579 litatum
419 1540 506 1579 fatis
534 1539 573 1579 in
609 1542 758 1579 deserto
790 1540 1019 1590 degentium.
1087 1539 1222 1578 Omnia
1265 1551 1359 1588 quae

232 1611 380 1650 Moises
419 1613 464 1649 de
489 1612 594 1649 hisce
619 1610 769 1648 exhibet
799 1610 906 1648 etiam
932 1610 995 1648 ille
1023 1618 1179 1648 enarrat.
1235 1608 1357 1648 Tanta

231 1682 504 1721 inobedientiae
542 1681 652 1719 istius
683 1680 817 1729 populi
855 1681 1082 1729 specimina,
1130 1688 1232 1718 tanta
1258 1679 1357 1718 illius

232 1751 369 1803 ingrati
415 1752 528 1791 animi
574 1751 818 1799 testimonia,
873 1759 932 1790 tot
978 1751 1182 1789 seditiones
1229 1758 1359 1789 contra

231 1826 386 1864 Moisen
420 1832 456 1861 et
493 1824 610 1862 Deum
655 1821 854 1870 describit,
900 1830 943 1859 ut
975 1821 1030 1859 nil
1066 1820 1215 1859 silentio
1253 1832 1360 1869 prae-

233 1895 380 1934 teriisse
419 1894 491 1932 dici
527 1892 650 1941 possit
692 1892 778 1941 (1).
852 1891 1014 1940 Quando
1054 1891 1100 1929 de
1146 1899 1358 1939 temporum

233 1964 479 2003 recentiorum
513 1963 669 2002 historia
705 1961 809 2009 agit,
837 1963 933 2001 idem
961 1961 1064 2004 facit,
1117 1960 1220 2012 Quid
1242 1961 1359 1999 lsrae-

234 2035 321 2073 litae
355 2043 483 2072 contra
521 2033 727 2072 Samuelem
771 2033 853 2070 ausi
888 2033 994 2082 sint,
1043 2044 1120 2081 quo
1156 2032 1269 2070 modo
1305 2031 1358 2069 ira

236 2105 378 2144 incitati
422 2105 467 2142 ab
516 2116 560 2142 eo
608 2115 730 2152 regem
775 2103 976 2152 petiverint
1013 2102 1110 2154 (2),
1162 2103 1355 2150 quomodo

277 2229 331 2262 (1)
353 2228 406 2257 cf.
428 2227 500 2255 Ant.
520 2227 592 2264 Jud.
615 2227 670 2254 111.
694 2233 739 2260 13.
758 2226 809 2255 IV.
830 2231 889 2254 etc.
1271 2172 1356 2210 dem

277 2278 330 2316 (ε)
348 2279 398 2310 cf.
420 2279 492 2308 Ant.
515 2278 571 2307 VI.
597 2287 623 2313 5.
644 2284 703 2306 etc.
