<?xml version="1.0" encoding="UTF-8"?>
<!DOCTYPE html PUBLIC "-//W3C//DTD XHTML 1.0 Transitional//EN"
    "http://www.w3.org/TR/xhtml1/DTD/xhtml1-transitional.dtd">
<html xmlns="http://www.w3.org/1999/xhtml" xml:lang="en" lang="en">
 <head>
  <title>
</title>
<meta http-equiv="Content-Type" content="text/html;charset=utf-8" />
  <meta name='ocr-system' content='tesseract 3.04.00' />
  <meta name='ocr-capabilities' content='ocr_page ocr_carea ocr_par ocr_line ocrx_word'/>
</head>
<body>
  <div class='ocr_page' id='page_1' title='image "annalesacademiae34rhen_0029.png"; bbox 0 0 1544 2693; ppageno 0'>
   <div class='ocr_carea' id='block_1_1' title="bbox 0 2182 12 2693">
    <p class='ocr_par' dir='ltr' id='par_1_1' title="bbox 0 2182 12 2693">
     <span class='ocr_line' id='line_1_1' title="bbox 0 2182 12 2693; baseline 0 0"><span class='ocrx_word' id='word_1_1' title='bbox 0 2182 12 2693; x_wconf 95' lang='lat' dir='ltr'> </span> 
     </span>
    </p>
   </div>
   <div class='ocr_carea' id='block_1_2' title="bbox 1166 219 1260 249">
    <p class='ocr_par' dir='ltr' id='par_1_2' title="bbox 1166 219 1260 249">
     <span class='ocr_line' id='line_1_2' title="bbox 1166 219 1260 249; baseline 0.011 -1"><span class='ocrx_word' id='word_1_2' title='bbox 1166 219 1260 249; x_wconf 74' lang='lat' dir='ltr'>XXI</span> 
     </span>
    </p>
   </div>
   <div class='ocr_carea' id='block_1_3' title="bbox 111 313 1255 2329">
    <p class='ocr_par' dir='ltr' id='par_1_3' title="bbox 132 313 1255 440">
     <span class='ocr_line' id='line_1_3' title="bbox 140 313 1255 370; baseline 0.003 -11"><span class='ocrx_word' id='word_1_3' title='bbox 140 314 174 361; x_wconf 89' lang='lat'>1.</span> <span class='ocrx_word' id='word_1_4' title='bbox 189 313 340 361; x_wconf 84' lang='lat' dir='ltr'><strong>KOPS</strong></span> <span class='ocrx_word' id='word_1_5' title='bbox 349 345 362 367; x_wconf 91' lang='lat'>,</span> <span class='ocrx_word' id='word_1_6' title='bbox 406 313 554 360; x_wconf 89' lang='lat' dir='ltr'>diebus</span> <span class='ocrx_word' id='word_1_7' title='bbox 584 315 729 369; x_wconf 88' lang='lat' dir='ltr'>lunae,</span> <span class='ocrx_word' id='word_1_8' title='bbox 775 316 945 370; x_wconf 84' lang='lat' dir='ltr'>martis,</span> <span class='ocrx_word' id='word_1_9' title='bbox 990 318 1184 362; x_wconf 84' lang='lat' dir='ltr'>mercurii</span> <span class='ocrx_word' id='word_1_10' title='bbox 1214 326 1255 362; x_wconf 88' lang='lat' dir='ltr'>et</span> 
     </span>
     <span class='ocr_line' id='line_1_4' title="bbox 132 384 488 440; baseline 0 -12"><span class='ocrx_word' id='word_1_11' title='bbox 132 384 266 440; x_wconf 87' lang='lat' dir='ltr'>iovis,</span> <span class='ocrx_word' id='word_1_12' title='bbox 296 386 406 430; x_wconf 86' lang='lat' dir='ltr'>hora</span> <span class='ocrx_word' id='word_1_13' title='bbox 437 385 488 429; x_wconf 91' lang='lat' dir='ltr'>X.</span> 
     </span>
    </p>

    <p class='ocr_par' dir='ltr' id='par_1_4' title="bbox 127 464 1253 657">
     <span class='ocr_line' id='line_1_5' title="bbox 189 464 1253 520; baseline 0.001 -14"><span class='ocrx_word' id='word_1_14' title='bbox 189 465 466 506; x_wconf 80' lang='lat' dir='ltr'>Botanicam</span> <span class='ocrx_word' id='word_1_15' title='bbox 481 464 749 506; x_wconf 69' lang='lat' dir='ltr'>Historiam</span> <span class='ocrx_word' id='word_1_16' title='bbox 760 467 1038 520; x_wconf 77' lang='lat' dir='ltr'><em>plantarum</em></span> <span class='ocrx_word' id='word_1_17' title='bbox 1059 467 1253 508; x_wconf 81' lang='lat' dir='ltr'>medici-</span> 
     </span>
     <span class='ocr_line' id='line_1_6' title="bbox 129 534 1250 590; baseline 0.004 -14"><span class='ocrx_word' id='word_1_18' title='bbox 129 535 306 577; x_wconf 79' lang='lat' dir='ltr'>naliam</span> <span class='ocrx_word' id='word_1_19' title='bbox 328 542 373 577; x_wconf 82' lang='lat' dir='ltr'>et</span> <span class='ocrx_word' id='word_1_20' title='bbox 389 536 779 577; x_wconf 76' lang='lat' dir='ltr'>oeconomicaram</span> <span class='ocrx_word' id='word_1_21' title='bbox 810 534 857 577; x_wconf 69' lang='lat' dir='ltr'>C,</span> <span class='ocrx_word' id='word_1_22' title='bbox 874 535 926 579; x_wconf 90' lang='lat' dir='ltr'>A.</span> <span class='ocrx_word' id='word_1_23' title='bbox 944 534 1250 590; x_wconf 80' lang='lat' dir='ltr'>BERGSMA,</span> 
     </span>
     <span class='ocr_line' id='line_1_7' title="bbox 127 601 964 657; baseline 0.004 -10"><span class='ocrx_word' id='word_1_24' title='bbox 127 601 278 648; x_wconf 84' lang='lat' dir='ltr'>diebus</span> <span class='ocrx_word' id='word_1_25' title='bbox 315 604 437 648; x_wconf 86' lang='lat' dir='ltr'>lunae</span> <span class='ocrx_word' id='word_1_26' title='bbox 470 611 511 647; x_wconf 86' lang='lat' dir='ltr'>et</span> <span class='ocrx_word' id='word_1_27' title='bbox 541 604 733 657; x_wconf 84' lang='lat' dir='ltr'>veneris,</span> <span class='ocrx_word' id='word_1_28' title='bbox 764 604 871 648; x_wconf 80' lang='lat' dir='ltr'>hora</span> <span class='ocrx_word' id='word_1_29' title='bbox 891 606 964 650; x_wconf 91' lang='lat' dir='ltr'>IX.</span> 
     </span>
    </p>

    <p class='ocr_par' dir='ltr' id='par_1_5' title="bbox 126 679 1247 796">
     <span class='ocr_line' id='line_1_8' title="bbox 184 679 1247 737; baseline 0.006 -15"><span class='ocrx_word' id='word_1_30' title='bbox 184 680 488 723; x_wconf 79' lang='lat' dir='ltr'>Anatomiam</span> <span class='ocrx_word' id='word_1_31' title='bbox 511 683 784 735; x_wconf 73' lang='lat' dir='ltr'>plantarum</span> <span class='ocrx_word' id='word_1_32' title='bbox 817 679 1247 737; x_wconf 83' lang='lat' dir='ltr'>C.A.BERGSMA‚</span> 
     </span>
     <span class='ocr_line' id='line_1_9' title="bbox 126 749 1057 796; baseline 0.001 -1"><span class='ocrx_word' id='word_1_33' title='bbox 126 749 272 795; x_wconf 86' lang='lat' dir='ltr'>diebus</span> <span class='ocrx_word' id='word_1_34' title='bbox 302 758 343 795; x_wconf 89' lang='lat' dir='ltr'>et</span> <span class='ocrx_word' id='word_1_35' title='bbox 372 751 489 794; x_wconf 88' lang='lat' dir='ltr'>horis</span> <span class='ocrx_word' id='word_1_36' title='bbox 521 749 782 794; x_wconf 86' lang='lat' dir='ltr'>auditoribus</span> <span class='ocrx_word' id='word_1_37' title='bbox 810 752 1057 796; x_wconf 83' lang='lat' dir='ltr'>commodis.</span> 
     </span>
    </p>

    <p class='ocr_par' dir='ltr' id='par_1_6' title="bbox 122 827 1246 956">
     <span class='ocr_line' id='line_1_10' title="bbox 183 827 1246 889; baseline 0.003 -19"><span class='ocrx_word' id='word_1_38' title='bbox 183 829 548 889; x_wconf 53' lang='lat' dir='ltr'>Excursionibas</span> <span class='ocrx_word' id='word_1_39' title='bbox 590 828 813 869; x_wconf 76' lang='lat' dir='ltr'>botanicis</span> <span class='ocrx_word' id='word_1_40' title='bbox 859 827 1030 885; x_wconf 82' lang='lat' dir='ltr'>singulis</span> <span class='ocrx_word' id='word_1_41' title='bbox 1077 828 1246 873; x_wconf 82' lang='lat' dir='ltr'>hebdo-</span> 
     </span>
     <span class='ocr_line' id='line_1_11' title="bbox 122 896 989 956; baseline 0.002 -15"><span class='ocrx_word' id='word_1_42' title='bbox 122 897 316 942; x_wconf 88' lang='lat' dir='ltr'><strong>madibus</strong></span> <span class='ocrx_word' id='word_1_43' title='bbox 341 897 523 956; x_wconf 82' lang='lat' dir='ltr'>prae&#39;erit</span> <span class='ocrx_word' id='word_1_44' title='bbox 554 896 602 942; x_wconf 86' lang='lat' dir='ltr'>C.</span> <span class='ocrx_word' id='word_1_45' title='bbox 617 898 670 941; x_wconf 93' lang='lat' dir='ltr'>A.</span> <span class='ocrx_word' id='word_1_46' title='bbox 698 897 989 944; x_wconf 76' lang='lat' dir='ltr'><strong>BERGSMA.</strong></span> 
     </span>
    </p>

    <p class='ocr_par' dir='ltr' id='par_1_7' title="bbox 113 975 1244 1444">
     <span class='ocr_line' id='line_1_12' title="bbox 175 975 1244 1026; baseline -0.001 -8"><span class='ocrx_word' id='word_1_47' title='bbox 175 977 444 1018; x_wconf 75' lang='lat' dir='ltr'><em>Historiam</em></span> <span class='ocrx_word' id='word_1_48' title='bbox 482 978 744 1018; x_wconf 77' lang='lat' dir='ltr'><em>naturalem</em></span> <span class='ocrx_word' id='word_1_49' title='bbox 775 975 1128 1026; x_wconf 73' lang='lat' dir='ltr'>Mammaliam,</span> <span class='ocrx_word' id='word_1_50' title='bbox 1166 976 1244 1017; x_wconf 88' lang='lat' dir='ltr'>A-</span> 
     </span>
     <span class='ocr_line' id='line_1_13' title="bbox 123 1046 1239 1104; baseline -0.001 -15"><span class='ocrx_word' id='word_1_51' title='bbox 123 1047 273 1097; x_wconf 72' lang='lat' dir='ltr'>vium,</span> <span class='ocrx_word' id='word_1_52' title='bbox 300 1048 558 1102; x_wconf 61' lang='lat' dir='ltr'>Raptiliam</span> <span class='ocrx_word' id='word_1_53' title='bbox 574 1055 619 1089; x_wconf 82' lang='lat' dir='ltr'>et</span> <span class='ocrx_word' id='word_1_54' title='bbox 632 1048 844 1088; x_wconf 76' lang='lat' dir='ltr'><em>Piscium</em></span> <span class='ocrx_word' id='word_1_55' title='bbox 876 1052 1056 1104; x_wconf 81' lang='lat' dir='ltr'>exponet</span> <span class='ocrx_word' id='word_1_56' title='bbox 1083 1046 1172 1090; x_wconf 84' lang='grc' dir='ltr'>ΤΗ.</span> <span class='ocrx_word' id='word_1_57' title='bbox 1187 1046 1239 1089; x_wconf 89' lang='lat' dir='ltr'>G.</span> 
     </span>
     <span class='ocr_line' id='line_1_14' title="bbox 121 1116 1242 1170; baseline 0.001 -11"><span class='ocrx_word' id='word_1_58' title='bbox 121 1129 227 1160; x_wconf 77' lang='lat' dir='ltr'>vAN</span> <span class='ocrx_word' id='word_1_59' title='bbox 244 1116 497 1161; x_wconf 72' lang='lat' dir='ltr'><strong>LIDTHDE</strong></span> <span class='ocrx_word' id='word_1_60' title='bbox 515 1117 706 1162; x_wconf 82' lang='lat' dir='ltr'><strong>JEUDE</strong></span> <span class='ocrx_word' id='word_1_61' title='bbox 723 1148 735 1170; x_wconf 91' lang='lat'>‚</span> <span class='ocrx_word' id='word_1_62' title='bbox 769 1116 915 1159; x_wconf 87' lang='lat' dir='ltr'>diebus</span> <span class='ocrx_word' id='word_1_63' title='bbox 932 1118 1054 1161; x_wconf 82' lang='lat' dir='ltr'>lunae</span> <span class='ocrx_word' id='word_1_64' title='bbox 1069 1123 1109 1160; x_wconf 87' lang='lat' dir='ltr'>et</span> <span class='ocrx_word' id='word_1_65' title='bbox 1123 1131 1242 1160; x_wconf 82' lang='lat' dir='ltr'>mar·-</span> 
     </span>
     <span class='ocr_line' id='line_1_15' title="bbox 117 1186 1240 1240; baseline 0 -10"><span class='ocrx_word' id='word_1_66' title='bbox 117 1186 195 1240; x_wconf 82' lang='lat' dir='ltr'>tis,</span> <span class='ocrx_word' id='word_1_67' title='bbox 233 1186 340 1231; x_wconf 88' lang='lat' dir='ltr'>hora</span> <span class='ocrx_word' id='word_1_68' title='bbox 372 1188 447 1231; x_wconf 86' lang='lat' dir='ltr'>XI.</span> <span class='ocrx_word' id='word_1_69' title='bbox 541 1189 842 1231; x_wconf 74' lang='lat' dir='ltr'>caeterorum</span> <span class='ocrx_word' id='word_1_70' title='bbox 872 1196 1025 1230; x_wconf 74' lang='lat' dir='ltr'>autem</span> <span class='ocrx_word' id='word_1_71' title='bbox 1058 1191 1240 1230; x_wconf 81' lang='lat' dir='ltr'><em>anima-</em></span> 
     </span>
     <span class='ocr_line' id='line_1_16' title="bbox 118 1258 1240 1312; baseline 0 -11"><span class='ocrx_word' id='word_1_72' title='bbox 118 1260 257 1312; x_wconf 79' lang='lat' dir='ltr'><em>liam,</em></span> <span class='ocrx_word' id='word_1_73' title='bbox 286 1260 512 1302; x_wconf 78' lang='lat' dir='ltr'>vertebris</span> <span class='ocrx_word' id='word_1_74' title='bbox 541 1260 825 1311; x_wconf 79' lang='lat' dir='ltr'>carentiam,</span> <span class='ocrx_word' id='word_1_75' title='bbox 855 1260 1122 1311; x_wconf 69' lang='lat' dir='ltr'>historiam,</span> <span class='ocrx_word' id='word_1_76' title='bbox 1156 1258 1240 1301; x_wconf 83' lang='lat' dir='ltr'>du-</span> 
     </span>
     <span class='ocr_line' id='line_1_17' title="bbox 113 1328 1239 1383; baseline 0 -11"><span class='ocrx_word' id='word_1_77' title='bbox 113 1341 163 1372; x_wconf 84' lang='lat' dir='ltr'>ce</span> <span class='ocrx_word' id='word_1_78' title='bbox 193 1328 324 1374; x_wconf 90' lang='lat' dir='ltr'>V.Cl.</span> <span class='ocrx_word' id='word_1_79' title='bbox 357 1329 390 1372; x_wconf 90' lang='grc' dir='ltr'>Ι.</span> <span class='ocrx_word' id='word_1_80' title='bbox 415 1343 510 1373; x_wconf 88' lang='lat' dir='ltr'>van</span> <span class='ocrx_word' id='word_1_81' title='bbox 537 1330 635 1373; x_wconf 67' lang='lat' dir='ltr'>d³er</span> <span class='ocrx_word' id='word_1_82' title='bbox 662 1328 893 1383; x_wconf 83' lang='lat' dir='ltr'><strong>Hoeven,</strong></span> <span class='ocrx_word' id='word_1_83' title='bbox 926 1328 992 1372; x_wconf 89' lang='lat' dir='ltr'>die</span> <span class='ocrx_word' id='word_1_84' title='bbox 1017 1329 1239 1381; x_wconf 84' lang='lat' dir='ltr'>mercurii,</span> 
     </span>
     <span class='ocr_line' id='line_1_18' title="bbox 116 1398 962 1444; baseline 0 -2"><span class='ocrx_word' id='word_1_85' title='bbox 116 1398 262 1443; x_wconf 69' lang='lat' dir='ltr'>eadem</span> <span class='ocrx_word' id='word_1_86' title='bbox 298 1399 420 1444; x_wconf 69' lang='lat' dir='ltr'>hora.</span> <span class='ocrx_word' id='word_1_87' title='bbox 959 1413 962 1415; x_wconf 69' lang='grc'>’</span> 
     </span>
    </p>

    <p class='ocr_par' dir='ltr' id='par_1_8' title="bbox 115 1475 1237 1660">
     <span class='ocr_line' id='line_1_19' title="bbox 169 1475 1237 1534; baseline 0.001 -16"><span class='ocrx_word' id='word_1_88' title='bbox 169 1475 472 1519; x_wconf 79' lang='lat' dir='ltr'>Anacomiam</span> <span class='ocrx_word' id='word_1_89' title='bbox 524 1484 839 1532; x_wconf 77' lang='lat' dir='ltr'><em>comparatam</em></span> <span class='ocrx_word' id='word_1_90' title='bbox 885 1476 1051 1520; x_wconf 77' lang='lat' dir='ltr'>tradere</span> <span class='ocrx_word' id='word_1_91' title='bbox 1090 1482 1237 1534; x_wconf 75' lang='lat' dir='ltr'>perget</span> 
     </span>
     <span class='ocr_line' id='line_1_20' title="bbox 115 1544 1236 1600; baseline 0 -10"><span class='ocrx_word' id='word_1_92' title='bbox 115 1544 205 1590; x_wconf 84' lang='grc' dir='ltr'>ΤΗ.</span> <span class='ocrx_word' id='word_1_93' title='bbox 224 1546 277 1591; x_wconf 89' lang='lat' dir='ltr'>G.</span> <span class='ocrx_word' id='word_1_94' title='bbox 310 1559 416 1590; x_wconf 79' lang='lat' dir='ltr'>vAN</span> <span class='ocrx_word' id='word_1_95' title='bbox 438 1546 617 1591; x_wconf 85' lang='lat' dir='ltr'>LIDTH</span> <span class='ocrx_word' id='word_1_96' title='bbox 633 1561 696 1589; x_wconf 84' lang='lat' dir='ltr'>DE</span> <span class='ocrx_word' id='word_1_97' title='bbox 710 1545 902 1591; x_wconf 82' lang='lat' dir='ltr'><strong>JEUDE</strong></span> <span class='ocrx_word' id='word_1_98' title='bbox 918 1578 930 1599; x_wconf 88' lang='lat'>‚</span> <span class='ocrx_word' id='word_1_99' title='bbox 962 1547 1028 1590; x_wconf 84' lang='lat' dir='ltr'>die</span> <span class='ocrx_word' id='word_1_100' title='bbox 1053 1546 1236 1600; x_wconf 78' lang='lat' dir='ltr'>saturni,</span> 
     </span>
     <span class='ocr_line' id='line_1_21' title="bbox 116 1616 283 1660; baseline 0 -1"><span class='ocrx_word' id='word_1_101' title='bbox 116 1616 224 1659; x_wconf 88' lang='lat' dir='ltr'>hora</span> <span class='ocrx_word' id='word_1_102' title='bbox 248 1616 283 1660; x_wconf 89' lang='lat' dir='ltr'>I.</span> 
     </span>
    </p>

    <p class='ocr_par' dir='ltr' id='par_1_9' title="bbox 115 1691 1243 1817">
     <span class='ocr_line' id='line_1_22' title="bbox 167 1691 1243 1750; baseline 0.001 -15"><span class='ocrx_word' id='word_1_103' title='bbox 167 1694 224 1735; x_wconf 88' lang='lat' dir='ltr'><em>M</em></span> <span class='ocrx_word' id='word_1_104' title='bbox 229 1695 535 1749; x_wconf 71' lang='lat' dir='ltr'>iuer-alogiam</span> <span class='ocrx_word' id='word_1_105' title='bbox 581 1702 629 1734; x_wconf 67' lang='lat' dir='ltr'>et</span> <span class='ocrx_word' id='word_1_106' title='bbox 675 1695 941 1750; x_wconf 67' lang='lat' dir='ltr'>Geologz&#39;am</span> <span class='ocrx_word' id='word_1_107' title='bbox 999 1693 1052 1737; x_wconf 83' lang='lat' dir='ltr'>N.</span> <span class='ocrx_word' id='word_1_108' title='bbox 1084 1691 1131 1737; x_wconf 87' lang='lat' dir='ltr'>C.</span> <span class='ocrx_word' id='word_1_109' title='bbox 1170 1707 1243 1736; x_wconf 44' lang='lat' dir='ltr'>DE*</span> 
     </span>
     <span class='ocr_line' id='line_1_23' title="bbox 115 1763 1233 1817; baseline 0 -9"><span class='ocrx_word' id='word_1_110' title='bbox 115 1763 426 1817; x_wconf 77' lang='lat' dir='ltr'>FREMERY,</span> <span class='ocrx_word' id='word_1_111' title='bbox 459 1763 606 1810; x_wconf 88' lang='lat' dir='ltr'>diebus</span> <span class='ocrx_word' id='word_1_112' title='bbox 626 1763 731 1808; x_wconf 85' lang='lat' dir='ltr'>iovis</span> <span class='ocrx_word' id='word_1_113' title='bbox 754 1771 794 1808; x_wconf 86' lang='lat' dir='ltr'>et</span> <span class='ocrx_word' id='word_1_114' title='bbox 815 1763 1000 1817; x_wconf 85' lang='lat' dir='ltr'>veneris,</span> <span class='ocrx_word' id='word_1_115' title='bbox 1031 1763 1138 1806; x_wconf 81' lang='lat' dir='ltr'>hora</span> <span class='ocrx_word' id='word_1_116' title='bbox 1159 1763 1233 1808; x_wconf 89' lang='lat' dir='ltr'>Xl.</span> 
     </span>
    </p>

    <p class='ocr_par' dir='ltr' id='par_1_10' title="bbox 111 1839 1235 2038">
     <span class='ocr_line' id='line_1_24' title="bbox 175 1839 1235 1898; baseline 0 -15"><span class='ocrx_word' id='word_1_117' title='bbox 175 1842 493 1883; x_wconf 81' lang='lat' dir='ltr'>oeconomiam</span> <span class='ocrx_word' id='word_1_118' title='bbox 508 1844 715 1883; x_wconf 76' lang='lat' dir='ltr'><em>ruralem</em></span> <span class='ocrx_word' id='word_1_119' title='bbox 735 1841 767 1885; x_wconf 84' lang='lat' dir='ltr'>l.</span> <span class='ocrx_word' id='word_1_120' title='bbox 782 1839 934 1884; x_wconf 76' lang='lat' dir='ltr'>KOPS</span> <span class='ocrx_word' id='word_1_121' title='bbox 945 1872 956 1892; x_wconf 83' lang='lat'>‚</span> <span class='ocrx_word' id='word_1_122' title='bbox 972 1840 1037 1883; x_wconf 87' lang='lat' dir='ltr'>bis</span> <span class='ocrx_word' id='word_1_123' title='bbox 1052 1854 1129 1898; x_wconf 82' lang='lat' dir='ltr'>per</span> <span class='ocrx_word' id='word_1_124' title='bbox 1140 1839 1235 1885; x_wconf 84' lang='lat' dir='ltr'>(lie-</span> 
     </span>
     <span class='ocr_line' id='line_1_25' title="bbox 111 1910 1235 1972; baseline -0.003 -15"><span class='ocrx_word' id='word_1_125' title='bbox 111 1926 206 1957; x_wconf 84' lang='lat' dir='ltr'>rum</span> <span class='ocrx_word' id='word_1_126' title='bbox 227 1910 534 1954; x_wconf 84' lang='lat' dir='ltr'>hebdomadem</span> <span class='ocrx_word' id='word_1_127' title='bbox 548 1942 561 1963; x_wconf 85' lang='lat'>‚</span> <span class='ocrx_word' id='word_1_128' title='bbox 593 1911 740 1954; x_wconf 87' lang='lat' dir='ltr'>diebus</span> <span class='ocrx_word' id='word_1_129' title='bbox 762 1910 1021 1954; x_wconf 76' lang='lat' dir='ltr'>auditoribus</span> <span class='ocrx_word' id='word_1_130' title='bbox 1041 1924 1235 1972; x_wconf 83' lang='lat' dir='ltr'>commo-</span> 
     </span>
     <span class='ocr_line' id='line_1_26' title="bbox 115 1981 1232 2038; baseline -0.001 -12"><span class='ocrx_word' id='word_1_131' title='bbox 115 1982 207 2035; x_wconf 90' lang='lat' dir='ltr'>dis,</span> <span class='ocrx_word' id='word_1_132' title='bbox 237 1981 281 2025; x_wconf 90' lang='lat' dir='ltr'>in</span> <span class='ocrx_word' id='word_1_133' title='bbox 297 1981 445 2025; x_wconf 89' lang='lat' dir='ltr'>Museo</span> <span class='ocrx_word' id='word_1_134' title='bbox 474 1981 591 2038; x_wconf 81' lang='lat' dir='ltr'>regio</span> <span class='ocrx_word' id='word_1_135' title='bbox 618 1981 988 2025; x_wconf 75' lang='lat' dir='ltr'>instrumentorum</span> <span class='ocrx_word' id='word_1_136' title='bbox 1018 1981 1232 2025; x_wconf 78' lang='lat' dir='ltr'>ruralium.</span> 
     </span>
    </p>

    <p class='ocr_par' dir='ltr' id='par_1_11' title="bbox 113 2058 1234 2329">
     <span class='ocr_line' id='line_1_27' title="bbox 169 2058 1234 2117; baseline 0 -14"><span class='ocrx_word' id='word_1_137' title='bbox 169 2058 424 2117; x_wconf 83' lang='lat' dir='ltr'>Disputandi</span> <span class='ocrx_word' id='word_1_138' title='bbox 441 2058 804 2102; x_wconf 82' lang='lat' dir='ltr'>exercitationibus</span> <span class='ocrx_word' id='word_1_139' title='bbox 819 2090 830 2110; x_wconf 91' lang='lat'>‚</span> <span class='ocrx_word' id='word_1_140' title='bbox 850 2058 917 2101; x_wconf 85' lang='lat' dir='ltr'>die</span> <span class='ocrx_word' id='word_1_141' title='bbox 939 2058 1122 2111; x_wconf 83' lang='lat' dir='ltr'>saturni,</span> <span class='ocrx_word' id='word_1_142' title='bbox 1149 2058 1234 2103; x_wconf 87' lang='lat' dir='ltr'>ho-</span> 
     </span>
     <span class='ocr_line' id='line_1_28' title="bbox 115 2128 1232 2188; baseline -0.001 -14"><span class='ocrx_word' id='word_1_143' title='bbox 115 2129 164 2174; x_wconf 59' lang='lat' dir='ltr'>ra</span> <span class='ocrx_word' id='word_1_144' title='bbox 183 2129 230 2183; x_wconf 90' lang='lat' dir='ltr'>I,</span> <span class='ocrx_word' id='word_1_145' title='bbox 261 2129 496 2173; x_wconf 84' lang='lat' dir='ltr'>alternatim</span> <span class='ocrx_word' id='word_1_146' title='bbox 526 2132 753 2188; x_wconf 81' lang='lat' dir='ltr'>praee&#39;runt</span> <span class='ocrx_word' id='word_1_147' title='bbox 780 2129 1045 2173; x_wconf 70' lang='lat' dir='ltr'>Psofessores</span> <span class='ocrx_word' id='word_1_148' title='bbox 1070 2129 1114 2173; x_wconf 88' lang='lat' dir='ltr'>in</span> <span class='ocrx_word' id='word_1_149' title='bbox 1141 2128 1232 2173; x_wconf 77' lang='lat' dir='ltr'>Fa-</span> 
     </span>
     <span class='ocr_line' id='line_1_29' title="bbox 118 2199 1231 2258; baseline -0.001 -13"><span class='ocrx_word' id='word_1_150' title='bbox 118 2201 268 2245; x_wconf 83' lang='lat' dir='ltr'>cultate</span> <span class='ocrx_word' id='word_1_151' title='bbox 312 2200 551 2245; x_wconf 85' lang='lat' dir='ltr'>Matheseos</span> <span class='ocrx_word' id='word_1_152' title='bbox 591 2207 632 2244; x_wconf 86' lang='lat' dir='ltr'>et</span> <span class='ocrx_word' id='word_1_153' title='bbox 674 2199 973 2258; x_wconf 84' lang='lat' dir='ltr'>Philosophiae</span> <span class='ocrx_word' id='word_1_154' title='bbox 999 2199 1231 2255; x_wconf 79' lang='lat' dir='ltr'>Naturalis,</span> 
     </span>
     <span class='ocr_line' id='line_1_30' title="bbox 113 2268 973 2329; baseline -0.003 -14"><span class='ocrx_word' id='word_1_155' title='bbox 113 2270 259 2328; x_wconf 83' lang='lat' dir='ltr'>singuli</span> <span class='ocrx_word' id='word_1_156' title='bbox 289 2271 332 2315; x_wconf 89' lang='lat' dir='ltr'>in</span> <span class='ocrx_word' id='word_1_157' title='bbox 362 2271 553 2329; x_wconf 76' lang='lat' dir='ltr'>partibus</span> <span class='ocrx_word' id='word_1_158' title='bbox 584 2270 665 2314; x_wconf 87' lang='lat' dir='ltr'>sibi</span> <span class='ocrx_word' id='word_1_159' title='bbox 691 2268 973 2314; x_wconf 84' lang='lat' dir='ltr'>demandatis.</span> 
     </span>
    </p>
   </div>
  </div>
 </body>
</html>
