1487 2703
361 160 636 202 BOTANlCO
651 181 667 192 ·
680 159 1036 200 OECONIMICA.
1208 167 1250 204 31

142 281 342 322 postquam
361 272 435 310 hoc
460 270 587 309 fructu
608 270 785 308 frumenti
810 268 994 308 defectum
1019 266 1144 306 sarciri
1163 278 1255 315 pos-

141 352 182 379 se
213 340 406 388 viderant,
433 341 503 378 ΑΟ.
534 341 631 378 1616
664 339 803 377 Solana
839 338 999 376 raritatis
1025 348 1134 375 causa
1160 348 1260 374 men·

142 422 204 450 sae
231 411 330 459 regis
354 411 527 459 apposita
555 408 706 447 refertP
722 409 903 446 utsche
929 408 1099 454 idemque
1132 416 1254 445 narrat

141 481 186 518 de
209 481 308 519 Clo
324 488 399 528 et,
426 492 521 528 quae
534 490 627 517 voro
640 480 701 518 hic
729 478 874 516 obtinet
891 478 1095 516 differentia
1116 480 1165 516 60
1191 489 1255 515 an-

139 562 274 589 norum
311 562 388 590 non
424 550 546 588 minor
580 558 666 597 est,
709 549 840 586 statuit
881 548 975 585 enim
1017 548 1122 585 hicce
1153 558 1251 584 anno

142 622 242 669 1676
269 622 393 658 locum
417 620 592 658 habuisse
607 646 621 666 ,
648 617 777 655 forsan
801 619 930 655 menda
953 617 1249 665 typographica,

138 691 261 729 minus
285 700 405 729 autem
441 689 710 739 typographiae
727 687 932 736 computari
957 696 1107 734 potest,
1150 687 1253 726 Sola-

137 773 225 799 num
256 761 463 799 tuberosum
505 760 706 797 secundum
734 758 790 795 de
816 758 972 795 Cloet
998 758 1102 795 Saec.
1139 757 1250 794 XVI.

136 841 185 869 ex
209 831 376 868 America
409 830 446 867 in
468 829 673 867 Flandriam
701 828 943 883 deportatum
971 838 1053 865 esse
1087 827 1132 864 ab
1166 826 1251 875 ipso

134 902 168 941 C
182 901 234 939 lu
246 900 336 939 sio.
626 886 629 889 ⁵

187 970 265 1008 Alii
300 976 525 1007 monuerunt
566 968 636 1006 ΑΟ.
680 979 776 1016 1777
813 967 1054 1004 Voltaire
1091 968 1250 1014 primurn

133 1039 255 1078 fuisse
291 1039 357 1087 qui
392 1038 587 1076 Gallorum
620 1038 781 1075 animum
821 1038 966 1075 Solam‘s
1002 1038 1249 1086 advertisset,

132 1109 414 1159 postqueillum
441 1109 752 1147 Parmentier
774 1117 810 1145 et
832 1109 864 1147 C
882 1110 999 1146 adet
1022 1109 1250 1158 deVaux3

135 1192 252 1230 quum
284 1179 352 1220 A0.
406 1182 505 1226 1761
547 1178 772 1227 Turgot,
811 1179 1000 1218 Lemovici
1036 1180 1250 1230 (Limoges)

129 1250 366 1296 praefectus,
395 1248 539 1297 primus
574 1249 662 1286 huic
699 1248 866 1286 culturae
893 1261 1040 1296 operam
1071 1250 1248 1289 dedisset.

131 1321 256 1360 Nemo
286 1327 408 1358 tamen
442 1319 554 1368 hujus
593 1318 646 1356 rei
685 1318 800 1367 magis
836 1319 988 1357 meritus
1027 1318 1101 1357 fuit
1141 1332 1249 1368 quam

131 1391 159 1431 P
173 1402 270 1428 arm
285 1402 304 1428 e
318 1398 371 1427 nt
385 1390 458 1427 ier
474 1418 487 1436 ‚
512 1390 576 1427 cui
602 1388 708 1427 etiam
746 1390 1012 1441 Philanthropi
1041 1399 1250 1436 cognomen

130 1461 261 1499 dedere
276 1461 461 1510 qu‘usque
483 1460 522 1497 in
545 1461 725 1497 honorem
749 1459 871 1507 ipsum
906 1460 1082 1498 Salonam
1106 1460 1250 1500 tubero-

132 1543 210 1569 sum
231 1530 282 1570 L.
309 1530 570 1568 Parmentiere
594 1541 729 1568 vocare
743 1530 912 1568 voluere.
954 1529 1028 1568 Hic
1053 1531 1147 1569 enim
1176 1531 1244 1569 ΑΟ.

133 1603 231 1649 1785
245 1608 401 1639 conatus
417 1609 473 1639 est
488 1601 706 1639 Solanorum
719 1600 978 1649 praestantiam
999 1600 1159 1639 indicare
1171 1630 1184 1648 ,
1196 1610 1251 1640 at-

130 1683 204 1720 que
227 1679 271 1709 ut
296 1673 476 1710 culturam
515 1679 755 1720 promoveret
771 1700 784 1718 ,
812 1672 998 1719 quoddam
1030 1681 1260 1722 stratagemav

129 1742 384 1791 excogitavit:
429 1740 543 1780 finxit
574 1753 708 1791 nempe
748 1753 789 1779 se
817 1742 895 1790 agri
934 1742 1042 1780 fidem
1068 1743 1250 1783 militibus

127 1812 307 1851 habuisse
343 1821 386 1851 ut
424 1812 679 1860 custodirent3
733 1824 810 1859 quo
841 1812 941 1851 facto
973 1813 1137 1862 rapiendi
1177 1826 1245 1853 cu·
1286 1831 1290 1834 ’
1354 1822 1359 1826 ’

126 1883 316 1932 piditatem
366 1883 588 1921 stimulatam
627 1883 709 1920 fore
750 1883 843 1920 bene
891 1883 1111 1932 perspexit,
1158 1878 1243 1923 nam

127 1953 208 1992 voti
244 1954 353 2002 plane
388 1964 547 2001 compos
584 1951 706 1990 factus
741 1962 812 1991 est.
849 1972 905 1980 —-
957 1953 1043 1991 Alio
1076 1963 1244 2004 tempore

128 2022 402 2062 Ludovico
437 2022 542 2061 XVI.
581 2022 829 2070 fasciculum,
871 2035 914 2061 ex
940 2025 1068 2062 Solam'
1102 2026 1248 2065 tubero—

125 2096 157 2133 si
198 2093 357 2132 floribus
399 2102 541 2132 tantum
581 2092 831 2141 compositum
860 2121 873 2140 ‚
927 2093 1098 2140 obtulit;
1161 2095 1244 2133 Rex

129 2166 273 2203 huncce
319 2165 499 2203 benevole
532 2163 702 2212 accepit,
743 2171 778 2202 et
817 2172 954 2212 sponte
990 2165 1215 2213 sequebatur
1237 2170 1254 2213 ,'

130 2235 272 2272 aulicos
306 2245 404 2272 nunc
455 2234 554 2271 omni
587 2234 710 2272 studio
747 2233 834 2271 huic
876 2235 1043 2274 culturae
1086 2236 1244 2274 animum

1192 2318 1243 2344 in·
