1487 2703
193 181 264 218 104
411 163 1079 206 COMMENTATIO

243 277 333 314 Non
375 287 551 324 possum,
589 275 681 323 quin
721 274 806 312 huic
844 274 1082 312 delineationi
1099 276 1225 313 addam
1257 285 1310 313 ac·

196 357 269 394 que
298 345 524 393 expositioni
564 345 755 382 nominum
776 373 787 391 ‚
830 345 1175 397 quibusqSolanum
1211 347 1314 384 tube-⁴

191 427 314 454 rosum
340 415 390 452 L.
419 415 500 452 aliis
540 415 692 463 populis
735 415 966 462 innotescit,
995 426 1062 452 nec
1101 426 1177 453 non
1220 424 1311 454 tem-

190 486 294 533 poris
332 485 486 523 florendi
513 494 624 533 atque
658 485 732 524 loci
768 485 898 523 natalis
938 484 1184 532 indicationi‚
1211 495 1315 532 prae·

196 555 337 593 mittam
362 554 646 604 descriptionem
665 583 677 602 ,
707 556 850 604 qualem
875 554 1025 592 exhibet
1046 554 1181 593 Mori
1197 564 1311 600 son,

190 625 339 663 nomine
375 626 504 664 Solani
545 627 722 664 esculenti
739 641 755 675 ,·
794 636 889 673 quae
912 624 1150 672 descriptio,
1186 622 1314 661 multis

189 706 277 733 sanc
304 695 427 733 verbis
455 695 693 744 composita,
723 706 868 743 semper
900 693 1167 733 exactitudinis
1193 705 1313 731 exem-

189 766 290 813 plum
323 765 415 803 erit:

243 863 274 881 ‚‚
302 834 474 874 Solanum
502 835 724 873 esculentum
755 835 902 884 Casp.
943 836 1095 873 nauh.
1125 835 1253 875 Pinax.
1272 855 1312 862 -

190 931 221 949 „
253 904 377 954 Papas
414 905 549 942 Peruv.
569 931 581 950 ,
621 905 749 955 Papus
771 905 1080 943 Americanorum
1099 933 1111 951 ‚
1152 905 1314 943 Banasa

190 1000 221 1018 ‚‚
252 972 512 1021 Virginiana‚
543 972 766 1010 Arachiclna
788 973 1002 1019 Theoph
1016 984 1047 1009 r.
1076 971 1200 1020 forte⁹
1239 972 1313 1010 Pa·

190 1071 221 1089 ἃ,
247 1054 314 1092 pas
345 1043 489 1082 Peruv.
525 1043 710 1082 Celsii.

240 1141 271 1159 0,
300 1113 454 1152 Caulem
497 1114 607 1151 habet
631 1125 737 1162 2—3
765 1113 981 1151 cubitorum
1011 1125 1175 1151 crassum
1202 1124 1316 1162 angu-

192 1185 370 1230 „losum
406 1183 607 1230 striatum,
634 1184 766 1222 leviter
798 1183 988 1222 hirsutum
1026 1184 1064 1221 in
1096 1185 1236 1222 multos
1258 1196 1314 1221 ra³

196 1282 227 1299 ᾖ,
257 1265 339 1291 mos
378 1253 545 1291 infirmos
588 1253 624 1290 in
659 1263 788 1291 terram
823 1254 1114 1302 procumbentes
1150 1253 1314 1291 brachia—

185 1352 215 1370 „
245 1331 353 1370 tum,
391 1335 435 1361 ex
459 1335 618 1370 quorum
654 1324 720 1361 alis
759 1323 962 1372 pedunculi
987 1324 1107 1362 crassi
1139 1323 1310 1372 angulosi

188 1422 218 1439 „
246 1394 356 1431 flores
387 1394 615 1431 sustinentes
641 1393 843 1441 prodeunt.
879 1394 1008 1431 Flores
1032 1401 1152 1431 autem
1180 1404 1313 1431 mono·

185 1491 215 1510 „
244 1464 355 1510 petali
380 1471 468 1500 sunt
487 1491 499 1509 ‚
528 1462 684 1500 uncialis
717 1462 923 1500 latitudinis
944 1490 957 1509 ‚
993 1474 1042 1510 5·
1061 1463 1214 1511 anguli,
1249 1474 1311 1501 ex—

184 1560 215 1579 „
242 1532 361 1571 terius
387 1545 407 1570 e
424 1544 587 1580 purpura
603 1533 836 1570 candicantes
853 1562 866 1580 ,
883 1532 1041 1571 interius
1068 1533 1277 1582 pallidiores
1294 1562 1306 1581 ‚

183 1631 212 1649 ‚‚
243 1602 351 1640 lineis
385 1605 442 1640 vel
475 1602 584 1640 radiis
611 1603 735 1650 quinis
765 1603 945 1641 subflavis
965 1631 977 1651 ‚
1007 1603 1200 1642 herbaceis
1226 1606 1309 1643 lon·

185 1700 216 1720 ,‚
245 1674 300 1723 gis
340 1664 665 1720 discurrentibus,
721 1685 764 1711 ex
797 1685 958 1721 quorum
998 1673 1118 1712 medio
1154 1674 1308 1713 stamina

1187 1770 1231 1791 92·
1247 1745 1310 1783 fla·

184 1822 238 1842 nus
259 1821 425 1842 accuratam
448 1815 556 1841 Solam·
577 1815 714 1842 κώεα-ου’
740 1814 994 1849 descriptionem,
1016 1812 1204 1849 philologice
1225 1822 1307 1842 com-

186 1871 299 1906 posuit.
320 1886 361 1895 --
379 1873 460 1899 Idem
488 1871 538 1899 ubi
564 1873 601 1899 de
626 1871 781 1900 tuberibus
807 1871 963 1907 loquitur,
991 1871 1158 1899 attentione
1185 1870 1307 1905 dignum

182 1928 278 1956 dicit:
301 1930 425 1957 candem
444 1929 658 1964 substantiam,
678 1937 753 1963 quae
771 1928 947 1957 animalibus
969 1936 1027 1956 tam
1052 1927 1216 1962 nutritiva,
1237 1927 1309 1956 fari-

183 1993 284 2013 nosam
303 1993 433 2020 ncmpe;
457 1986 547 2013 etiam
565 1987 644 2020 apud
661 1985 842 2031 vegetabilia
860 1992 950 2020 saepe
967 1993 1004 2013 eo
1022 1985 1093 2012 loco
1111 1983 1232 2019 reperi,
1250 1991 1304 2012 un·

184 2044 218 2070 (ιε
244 2044 343 2076 planta
364 2044 474 2070 tenella
491 2050 628 2071 crescere
648 2043 767 2078 incipit.
791 2043 858 2072 Vid.
882 2043 980 2076 ejusd.
999 2045 1113 2073 Botan.
1142 2047 1305 2074 anter-halt

182 2098 242 2127 fiir
254 2100 410 2134 Natnrsr.
432 2101 506 2137 Jena
525 2107 619 2135 1793.
643 2101 697 2128 Th.
718 2101 738 2128 1.
761 2109 829 2135 pag.
851 2104 1018 2134 270-280.

225 2157 383 2182 Caeterum
406 2156 479 2183 mihi
509 2158 651 2183 Solarium
683 2159 876 2191 tuberosum,
899 2165 963 2186 esse
984 2160 1113 2192 plantam
1140 2166 1305 2193 perennem

184 2212 325 2245 (annuam
364 2214 504 2240 dixerunt
533 2214 707 2249 nonnulli),
732 2214 789 2247 jam
809 2221 924 2242 constat
949 2214 984 2243 iis
1004 2223 1080 2249 quae
1106 2214 1169 2243 dixi
1198 2224 1305 2252 supra,

183 2270 268 2303 (pag.
288 2273 334 2301 τε·
369 2268 511 2304 idemque
533 2271 638 2298 videre
656 2270 746 2304 licct;
772 2272 891 2300 Flora
920 2274 1018 2301 Peru
1031 2279 1059 2299 xm
1089 2272 1122 2300 P.
1142 2272 1178 2300 Π.
1203 2280 1232 2308 p·
1255 2276 1302 2307 38.
