1487 2703
204 201 272 239 118
421 190 1086 234 COMMENTATIO

255 306 325 345 IV.
356 305 506 343 Flavius
535 302 725 352 Josephus
763 312 872 349 saepe
904 300 978 338 sibi
1003 300 1084 348 ipse
1115 300 1317 339 oblocutus

206 385 288 424 est,
315 376 363 413 ita
393 383 434 413 ut
464 374 503 411 in
528 373 624 410 libro
664 372 709 409 de
741 370 1039 418 Antiquitatibus
1070 381 1180 420 saepe
1213 369 1318 409 aliter

195 454 355 492 narret,
410 455 518 492 quam
551 442 590 481 in
622 441 777 479 historia
811 441 899 478 belli
935 440 1106 490 judaici,
1147 441 1251 489 quod
1285 448 1321 478 et

207 525 488 563 nonnumquam
518 514 556 550 in
584 513 714 550 eodem
739 511 836 549 libro
867 511 924 548 fit.
976 510 1030 548 V.
1059 521 1098 559 g.
1125 509 1164 547 in
1188 511 1321 548 eodem

210 588 307 624 libro
348 593 468 623 narrat
499 583 660 633 Judaeos
697 587 763 631 pei·
800 593 878 631 430
912 591 1030 619 annos
1067 581 1106 619 in
1141 581 1319 628 Aegypto

198 664 462 697 ,commoratos
495 665 604 701 esse,
643 653 708 691 sed
748 651 836 691 alibi
864 652 953 689 dicit
982 659 1130 699 tempus
1156 660 1323 688 commo-

210 725 369 764 rationis
400 725 622 775 judaeorum
647 722 685 760 in
709 723 887 771 Aegypto
914 720 1031 760 fuisse
1064 732 1130 770 per
1155 732 1231 768 400
1261 731 1326 757 an-

213 807 284 834 nos
322 793 407 844 (1).
470 795 584 833 Porro
618 792 707 830 dicit
744 792 972 840 Hyrcamum
1009 803 1076 840 per
1105 799 1326 840 tempus-‘33

216 873 397 903 annorum
424 864 544 902 fuisse
567 863 816 910 sacerdotem,
843 862 930 900 alibi
957 873 1048 900 vero
1074 861 1144 913 (2)
1174 872 1240 910 per
1262 873 1324 910 31.

217 930 330 968 Nunc
369 938 489 967 narrat
521 929 566 966 de
600 941 697 967 1000
737 927 897 974 occisis,
934 938 1035 965 nunc
1074 937 1163 964 vero
1202 926 1327 964 eadem

209 1002 257 1039 ’in
292 1012 333 1039 re
366 1000 411 1038 de
446 1012 587 1049 30‚000
614 999 696 1049 (3).
750 998 824 1036 Hic
858 998 905 1036 de
934 1000 953 1035 8
990 997 1146 1045 stadiis,
1185 996 1260 1035 illic
1284 997 1330 1036 de

220 1084 295 1110 200
322 1070 410 1121 (4).

267 1142 319 1180 V.
347 1140 515 1180 Nimium
541 1138 757 1178 Gentilibus
792 1138 960 1187 placendi
993 1137 1183 1184 studium,
1212 1144 1256 1174 ut
1284 1136 1335 1174 ita

220 1212 319 1265 apud
344 1212 428 1249 illos
462 1210 570 1248 fidem
604 1209 813 1255 inveniret,
866 1208 965 1257 apud
995 1208 1202 1257 Josephum
1240 1216 1336 1243 non·

221 1269 422 1330 numquam
456 1280 646 1319 veritatem
678 1278 898 1326 corrumpit.
952 1277 1041 1324 Sic,
1083 1288 1122 1315 v.
1151 1286 1189 1324 g.
1230 1275 1338 1313 mira-

224 1355 306 1391 cula
334 1353 449 1390 multa
487 1352 523 1389 in
552 1351 602 1389 V.
632 1350 676 1388 F.
707 1347 936 1387 occurrentia
969 1358 1046 1385 non
1074 1356 1161 1385 vere
1192 1351 1336 1383 enarrat

226 1425 291 1462 sed
331 1424 376 1461 de
418 1421 492 1459 illis
533 1420 816 1459 subdubitanter
860 1426 896 1455 et
941 1416 1117 1466 frigidius
1163 1415 1335 1464 loquitur

228 1505 339 1542 quam
382 1503 505 1530 sacrae
547 1490 752 1538 scripturae
795 1488 996 1526 auctoritas
1039 1486 1207 1535 postulat
1245 1483 1335 1534 (5).

223 1563 326 1603 Dicit
360 1572 574 1612 supremum
602 1560 847 1609 legislatorem
885 1567 1010 1606 aperte
1038 1556 1189 1605 Judaeis
1226 1555 1339 1593 inter-

225 1633 364 1672 dixisse
398 1643 445 1670 ne
479 1633 582 1670 Deos
619 1631 665 1668 ab
700 1630 780 1668 aliis
816 1630 940 1667 cultos
972 1628 1131 1667 riderent
1155 1634 1222 1665 aut
1242 1625 1341 1664 blas-

226 1703 464 1752 phemarent,
492 1709 565 1739 etc.
593 1698 678 1750 (6).

1077 1793 1079 1795 ·
1135 1766 1207 1806 VI.
1235 1765 1341 1805 Mul-

267 1892 320 1930 ΕΙ)
340 1893 390 1921 Cf.
413 1891 487 1921 Ant.
504 1890 576 1928 Jud.
597 1890 637 1917 11.
661 1897 697 1926 5,
717 1889 746 1917 6.

226 1956 231 1985 ς
268 1949 321 1986 (2)
341 1949 391 1978 ef.
415 1949 489 1976 Ant.
508 1947 591 1976 xm.
616 1955 659 1976 10.
681 1946 758 1974 Bell.
776 1943 849 1982 Jud.
868 1944 894 1972 1.
915 1950 946 1976 α,

265 2006 320 2043 (3)
341 2007 390 2036 Cf.
411 2007 484 2035 Ant.
502 2005 571 2033 XV·
594 2011 622 2036 5.
646 2004 723 2031 Bell.
737 2002 810 2039 Jud.
834 2001 861 2029 Ι.
886 2008 933 2035 ¹9-

267 2065 320 2102 (4)
342 2063 390 2093 cf.
414 2065 486 2091 Ant.
507 2062 578 2099 Jud.
600 2060 701 2088 XVII.
724 2067 771 2089 10.
787 2059 867 2088 Bell.
885 2057 958 2096 Jud.
977 2056 1001 2085 1.
1021 2062 1069 2086 εἰ.
1094 2068 1132 2077 -
1167 2053 1226 2084 Cff.
1257 2055 1338 2084 Bell.

230 2122 302 2159 Jud.
324 2121 364 2148 11.
386 2121 431 2149 ιε.
453 2118 484 2146 in
510 2118 572 2146 vita
596 2117 626 2153 §-
650 2125 696 2146 11.
716 2129 754 2138 -
774 2117 853 2144 Bell.
870 2114 942 2152 Ju'd.
956 2113 995 2143 11.
1024 2121 1071 2145 21.
1094 2112 1125 2141 in
1149 2110 1210 2141 vita
1235 2108 1266 2150 ς.
1290 2120 1337 2147 13.

229 2181 304 2207 Ant.
325 2177 396 2214 Jud.
419 2176 499 2203 XlV.
525 2181 572 2209 13.
593 2174 670 2201 Bell.
693 2173 767 2210 Jud.
786 2172 814 2201 1.
839 2181 885 2206 13.

269 2234 319 2271 (5)
342 2234 393 2263 Cf.
417 2235 486 2261 Ant-
506 2233 545 2260 11.
568 2239 597 2267 7.
618 2231 669 2260 IX.
690 2239 735 2260 11.

265 2292 318 2326 (6)
338 2290 385 2318 cf.
407 2289 474 2325 Jos.
497 2295 596 2316 contr.
620 2287 681 2322 Ap.
703 2286 739 2314 11.
