1544 2693
452 153 1050 195 THEOLOGICA.
1231 168 1300 205 143

196 268 237 304 in
251 265 333 314 suis
345 263 545 311 sceleribus
561 265 816 315 perseverant.
844 263 1047 302 Secundum
1064 264 1162 315 quod
1174 264 1308 302 Euan-

192 337 284 386 gelii
303 337 568 381 testimonium,
597 335 698 373 Deus
716 362 728 381 ‚
755 345 832 372 tam
856 336 896 371 in
916 333 1104 384 praesenti
1130 346 1241 384 quam
1264 336 1306 372 in

185 405 339 452 futura*
359 404 445 443 vita*
458 433 470 453 ,
487 404 554 455 (q)
580 403 815 442 iudicaturus
842 413 908 442 est.
939 406 993 452 (r.
1008 405 1097 453 84.)
1124 405 1165 443 Id
1189 404 1308 453 ipsum

197 473 240 511 fit
263 483 333 523 per
361 473 594 525 disciplinam
627 474 920 524 Ecclefiasticam
938 503 951 521 ‚
979 487 1085 521 cum,
1121 487 1167 513 ex
1202 488 1307 514 man-

195 542 284 581 dato
305 544 472 590 Christi,
500 545 566 592 (r)
593 546 625 582 ii
650 546 716 594 qui
740 546 881 582 nomine
904 543 1050 594 quidem
1064 545 1157 591 sunt
1178 543 1308 583 Chris-

198 615 324 660 tiani,
376 626 504 652 verum
539 613 717 652 doctrina
752 623 822 652 aut
858 614 946 652 'vita‘¹
975 615 1018 661 sc
1053 614 1247 654 ostendunt
1282 628 1308 654 a

195 683 345 722 Christo
379 684 516 722 alienos
529 711 542 730 ‚
580 691 777 735 postquam
813 684 1007 732 aliquoties
1023 683 1209 729 fraterne
1240 684 1309 722 ad·-

195 755 328 792 moniti
353 752 400 790 ab
433 751 626 790 erroribus
651 753 713 801 (s)
730 762 814 792 ⁴aut
831 753 993 802 flagitiis
1033 752 1215 792 discedere
1246 767 1312 793 no-

194 827 303 870 lunt,
330 824 515 873 Ecclesiae
543 823 763 863 indicantur
779 853 791 872 ‚
820 834 890 863 aut
912 827 959 863 iis
979 826 1045 875 qui
1069 825 1116 863 ab
1139 824 1310 874 Ecclesici

193 895 246 933 ad
256 908 335 934 eam
350 908 427 933 rem
442 895 535 943 sunt
558 896 745 945 constituti
753 924 766 943 ‚
793 907 833 933 ac
848 923 860 942 ‚
878 894 904 933 fi
918 894 980 944 (t)
1000 906 1047 932 ne
1070 896 1202 933 horum
1225 896 1310 945 qui-

194 965 275 1003 dem
307 965 549 1004 admonitioni
586 975 777 1017 pareant,
815 966 863 1003 ab
903 964 1031 1004 iisdem
1077 964 1308 1004 interdictio-

194 1047 240 1073 ne
275 1034 346 1084 (u)
375 1035 700 1082 sacramentorum
728 1048 773 1073 ex
806 1044 909 1074 coetu
947 1035 1152 1085 Ecclesiae,
1196 1044 1232 1073 et
1261 1035 1309 1074 ab

193 1104 269 1156 ipso
297 1105 377 1144 Deo
413 1118 458 1144 ex
493 1118 603 1155 regno
638 1106 781 1144 Christi
817 1105 1097 1153 excluduntur,
1138 1118 1184 1143 ac
1218 1118 1311 1143 rur·

186 1174 300 1222 sum,
334 1175 367 1224 si
392 1175 459 1224 (ν)
481 1175 764 1213 emendationem
791 1174 1047 1226 profiteantur
1077 1184 1113 1213 ct
1147 1187 1190 1213 re
1222 1173 1308 1226 ipsa

191 1243 382 1283 declarent
397 1272 409 1291 ‚
458 1255 638 1294 tanquam
678 1245 821 1283 Christi
855 1253 891 1283 et
929 1245 1114 1295 Ecclesiae
1142 1245 1307 1284 membra

193 1316 442 1365 recipiuntur.
469 1316 526 1363 (r.
556 1317 618 1363 85.
648 1316 735 1353 coll.
766 1315 867 1363 822)¹

232 1475 286 1512 (q)
306 1475 400 1510 Resp.
422 1476 470 1512 84.
492 1476 593 1503 Germ.
612 1476 770 1505 vriheilen
789 1478 856 1506 wil.
877 1478 962 1512 Belg.
985 1478 1142 1506 oordeelen
1157 1480 1223 1507 wil.

233 1531 285 1569 (r)
304 1531 401 1567 Resp.
425 1534 471 1565 85.
495 1534 597 1563 Germ.
616 1533 665 1560 dte
678 1534 826 1569 Jem‘gen,
841 1534 876 1567 so
896 1535 992 1563 vnder
1010 1535 1074 1562 dem
1094 1535 1304 1564 Chriselichen

195 1597 322 1623 namen,
343 1588 566 1616 vnchristliche
583 1590 650 1616 lesu
666 1589 737 1617 oder
749 1589 865 1617 wandel
876 1591 993 1626 fiiren.
1015 1591 1097 1624 Belg.
1109 1590 1159 1618 die
1172 1599 1246 1627 gene
1255 1591 1304 1621 die

193 1645 285 1673 onder
301 1645 357 1673 den
382 1646 609 1673 Christolicken
626 1655 746 1682 naeme,
770 1647 1005 1675 onchristelicke
1033 1648 1115 1675 leere
1133 1648 1196 1684 oste
1214 1649 1303 1677 leuen

196 1709 318 1735 voeron,

229 1759 278 1798 (s)
299 1761 393 1795 Resp.
414 1764 462 1793 85-
485 1760 585 1786 Germ.
607 1758 678 1786 oder
707 1759 828 1786 lustcrn
854 1761 905 1787 nit
931 1759 1079 1794 abst’ehcn.
1112 1762 1196 1796 Belg.
1228 1760 1301 1789 ende

186 1818 422 1855 schandelicken
442 1819 529 1845 leuen
547 1816 613 1843 m'et
631 1815 751 1852 afstaen
771 1817 889 1844 willen-

229 1875 280 1910 (ν)
303 1876 400 1909 Resp.
427 1878 475 1906 85.
506 1874 608 1901 Germ.
632 1873 673 1908 ste
691 1872 753 1908 fich
773 1883 812 1900 an
834 1873 989 1907 derfelben
1009 1883 1198 1912 vermanung
1221 1876 1299 1903 auch

190 1933 241 1959 m‘t
269 1932 374 1960 keren.
396 1932 478 1965 Belg.
496 1931 530 1964 se
548 1939 622 1956 naer
639 1930 687 1957 dic
707 1932 903 1967 vermaninge
925 1932 991 1959 niet
1008 1941 1044 1958 en
1062 1941 1209 1969 vraegen.

227 1989 281 2025 (u)
303 1990 400 2023 Resp.
423 1992 469 2022 85.
492 1989 592 2016 Germ.
614 1987 669 2014 der
696 1988 831 2023 heiligen
858 1989 1051 2018 Sacrament.
1070 1991 1154 2024 Belg.
1177 1989 1298 2025 dar-'sa-

191 2052 378 2074 eramenten.

227 2100 283 2137 (ν)
303 2102 397 2137 Resp.
428 2105 475 2133 85.
510 2103 613 2130 Germ.
643 2111 723 2129 ware
750 2103 924 2139 besserung.
954 2104 1038 2138 Belg.
1073 2104 1297 2141 waerachtighe

192 2160 382 2194 heteringhe.

1193 2322 1199 2332 ι
1234 2307 1293 2337 10..

1166 2297 1184 2341 V).
