<?xml version="1.0" encoding="UTF-8"?>
<!DOCTYPE html PUBLIC "-//W3C//DTD XHTML 1.0 Transitional//EN"
    "http://www.w3.org/TR/xhtml1/DTD/xhtml1-transitional.dtd">
<html xmlns="http://www.w3.org/1999/xhtml" xml:lang="en" lang="en">
 <head>
  <title>
</title>
<meta http-equiv="Content-Type" content="text/html;charset=utf-8" />
  <meta name='ocr-system' content='tesseract 3.04.00' />
  <meta name='ocr-capabilities' content='ocr_page ocr_carea ocr_par ocr_line ocrx_word'/>
</head>
<body>
  <div class='ocr_page' id='page_1' title='image "annalesacademiae34rhen_0485.png"; bbox 0 0 1487 2703; ppageno 0'>
   <div class='ocr_carea' id='block_1_1' title="bbox 0 0 36 2591">
    <p class='ocr_par' dir='ltr' id='par_1_1' title="bbox 0 0 36 2591">
     <span class='ocr_line' id='line_1_1' title="bbox 0 0 36 2591; baseline 0 0"><span class='ocrx_word' id='word_1_1' title='bbox 0 0 36 2591; x_wconf 95' lang='lat' dir='ltr'> </span> 
     </span>
    </p>
   </div>
   <div class='ocr_carea' id='block_1_2' title="bbox 494 148 1285 197">
    <p class='ocr_par' dir='ltr' id='par_1_2' title="bbox 494 148 1285 197">
     <span class='ocr_line' id='line_1_2' title="bbox 494 148 1285 197; baseline 0.001 -10"><span class='ocrx_word' id='word_1_2' title='bbox 494 148 935 197; x_wconf 79' lang='lat' dir='ltr'><strong>JURIDICA.·</strong></span> <span class='ocrx_word' id='word_1_3' title='bbox 1234 161 1285 196; x_wconf 76' lang='lat'>45</span> 
     </span>
    </p>
   </div>
   <div class='ocr_carea' id='block_1_3' title="bbox 137 257 1312 1704">
    <p class='ocr_par' dir='ltr' id='par_1_3' title="bbox 170 257 1286 516">
     <span class='ocr_line' id='line_1_3' title="bbox 173 257 1285 306; baseline -0.003 -9"><span class='ocrx_word' id='word_1_4' title='bbox 173 259 248 297; x_wconf 89' lang='lat' dir='ltr'>nisi</span> <span class='ocrx_word' id='word_1_5' title='bbox 271 268 413 297; x_wconf 87' lang='lat' dir='ltr'>summa</span> <span class='ocrx_word' id='word_1_6' title='bbox 435 267 562 306; x_wconf 84' lang='lat' dir='ltr'>urgeat</span> <span class='ocrx_word' id='word_1_7' title='bbox 585 258 787 298; x_wconf 85' lang='lat' dir='ltr'>necessitas</span> <span class='ocrx_word' id='word_1_8' title='bbox 801 286 814 305; x_wconf 94' lang='lat'>‚</span> <span class='ocrx_word' id='word_1_9' title='bbox 829 258 928 306; x_wconf 90' lang='lat' dir='ltr'>leges</span> <span class='ocrx_word' id='word_1_10' title='bbox 954 258 1002 295; x_wconf 88' lang='lat' dir='ltr'>ita</span> <span class='ocrx_word' id='word_1_11' title='bbox 1027 257 1256 305; x_wconf 86' lang='lat' dir='ltr'>interpretari</span> <span class='ocrx_word' id='word_1_12' title='bbox 1271 284 1285 303; x_wconf 83' lang='lat'><strong>‚</strong></span> 
     </span>
     <span class='ocr_line' id='line_1_4' title="bbox 174 326 1286 374; baseline -0.001 -9"><span class='ocrx_word' id='word_1_13' title='bbox 174 335 218 365; x_wconf 91' lang='lat' dir='ltr'>ut</span> <span class='ocrx_word' id='word_1_14' title='bbox 246 327 391 364; x_wconf 88' lang='lat' dir='ltr'>nullum</span> <span class='ocrx_word' id='word_1_15' title='bbox 423 337 597 374; x_wconf 88' lang='lat' dir='ltr'>sensum,</span> <span class='ocrx_word' id='word_1_16' title='bbox 624 328 760 365; x_wconf 87' lang='lat' dir='ltr'>nullam</span> <span class='ocrx_word' id='word_1_17' title='bbox 794 326 870 365; x_wconf 90' lang='lat' dir='ltr'>vim</span> <span class='ocrx_word' id='word_1_18' title='bbox 907 326 1065 364; x_wconf 85' lang='lat' dir='ltr'>habeant</span> <span class='ocrx_word' id='word_1_19' title='bbox 1091 326 1184 374; x_wconf 86' lang='lat'>(1),</span> <span class='ocrx_word' id='word_1_20' title='bbox 1209 337 1286 364; x_wconf 90' lang='lat' dir='ltr'>non</span> 
     </span>
     <span class='ocr_line' id='line_1_5' title="bbox 174 395 1286 445; baseline -0.001 -11"><span class='ocrx_word' id='word_1_21' title='bbox 174 395 239 434; x_wconf 85' lang='lat' dir='ltr'>abs</span> <span class='ocrx_word' id='word_1_22' title='bbox 271 408 310 434; x_wconf 90' lang='lat' dir='ltr'>re</span> <span class='ocrx_word' id='word_1_23' title='bbox 343 396 463 435; x_wconf 87' lang='lat' dir='ltr'>visum</span> <span class='ocrx_word' id='word_1_24' title='bbox 504 404 584 442; x_wconf 90' lang='lat' dir='ltr'>est,</span> <span class='ocrx_word' id='word_1_25' title='bbox 626 396 665 434; x_wconf 91' lang='lat' dir='ltr'>in</span> <span class='ocrx_word' id='word_1_26' title='bbox 702 407 777 434; x_wconf 88' lang='lat' dir='ltr'>eam</span> <span class='ocrx_word' id='word_1_27' title='bbox 815 396 1067 444; x_wconf 84' lang='lat' dir='ltr'>quaestionem</span> <span class='ocrx_word' id='word_1_28' title='bbox 1096 397 1286 445; x_wconf 86' lang='lat' dir='ltr'>aliquanto</span> 
     </span>
     <span class='ocr_line' id='line_1_6' title="bbox 170 466 626 516; baseline 0.002 -13"><span class='ocrx_word' id='word_1_29' title='bbox 170 466 391 516; x_wconf 84' lang='lat' dir='ltr'>diligentius</span> <span class='ocrx_word' id='word_1_30' title='bbox 426 466 626 514; x_wconf 83' lang='lat' dir='ltr'>inquirere.</span> 
     </span>
    </p>

    <p class='ocr_par' dir='ltr' id='par_1_4' title="bbox 137 524 1312 934">
     <span class='ocr_line' id='line_1_7' title="bbox 169 524 1288 585; baseline -0.002 -10"><span class='ocrx_word' id='word_1_31' title='bbox 169 533 175 540; x_wconf 82' lang='lat'>&#39;</span> <span class='ocrx_word' id='word_1_32' title='bbox 225 536 447 575; x_wconf 86' lang='lat' dir='ltr'>Videbimus</span> <span class='ocrx_word' id='word_1_33' title='bbox 487 536 625 584; x_wconf 85' lang='lat' dir='ltr'>igitur,</span> <span class='ocrx_word' id='word_1_34' title='bbox 664 524 752 574; x_wconf 84' lang='lat' dir='ltr'>num</span> <span class='ocrx_word' id='word_1_35' title='bbox 794 548 919 575; x_wconf 87' lang='lat' dir='ltr'>revera</span> <span class='ocrx_word' id='word_1_36' title='bbox 951 537 1152 575; x_wconf 87' lang='lat' dir='ltr'>secundum</span> <span class='ocrx_word' id='word_1_37' title='bbox 1191 535 1288 585; x_wconf 85' lang='lat' dir='ltr'>juris</span> 
     </span>
     <span class='ocr_line' id='line_1_8' title="bbox 174 606 1291 655; baseline -0.002 -10"><span class='ocrx_word' id='word_1_38' title='bbox 174 607 295 645; x_wconf 87' lang='lat' dir='ltr'>nostri</span> <span class='ocrx_word' id='word_1_39' title='bbox 332 606 513 655; x_wconf 82' lang='lat' dir='ltr'>principia</span> <span class='ocrx_word' id='word_1_40' title='bbox 553 618 663 644; x_wconf 87' lang='lat' dir='ltr'>causa</span> <span class='ocrx_word' id='word_1_41' title='bbox 704 606 943 655; x_wconf 83' lang='lat' dir='ltr'>obligationis</span> <span class='ocrx_word' id='word_1_42' title='bbox 980 608 1016 643; x_wconf 91' lang='lat' dir='ltr'>in</span> <span class='ocrx_word' id='word_1_43' title='bbox 1057 617 1291 654; x_wconf 87' lang='lat' dir='ltr'>quacumque</span> 
     </span>
     <span class='ocr_line' id='line_1_9' title="bbox 175 662 1312 724; baseline -0.002 -9"><span class='ocrx_word' id='word_1_44' title='bbox 175 678 454 724; x_wconf 83' lang='lat' dir='ltr'>conventione,</span> <span class='ocrx_word' id='word_1_45' title='bbox 482 677 584 714; x_wconf 90' lang='lat' dir='ltr'>velut</span> <span class='ocrx_word' id='word_1_46' title='bbox 620 677 814 714; x_wconf 87' lang='lat' dir='ltr'>essentiale</span> <span class='ocrx_word' id='word_1_47' title='bbox 850 676 1070 723; x_wconf 85' lang='lat' dir='ltr'>requisitum</span> <span class='ocrx_word' id='word_1_48' title='bbox 1106 688 1190 714; x_wconf 88' lang='lat' dir='ltr'>cum</span> <span class='ocrx_word' id='word_1_49' title='bbox 1224 662 1312 713; x_wconf 46' lang='lat' dir='ltr'>tri-⁵</span> 
     </span>
     <span class='ocr_line' id='line_1_10' title="bbox 176 732 1290 795; baseline -0.001 -11"><span class='ocrx_word' id='word_1_50' title='bbox 176 746 250 787; x_wconf 90' lang='lat' dir='ltr'>bus</span> <span class='ocrx_word' id='word_1_51' title='bbox 286 747 417 785; x_wconf 89' lang='lat' dir='ltr'>ceteris</span> <span class='ocrx_word' id='word_1_52' title='bbox 448 747 576 784; x_wconf 84' lang='lat' dir='ltr'>adesse</span> <span class='ocrx_word' id='word_1_53' title='bbox 603 746 768 784; x_wconf 70' lang='lat' dir='ltr'>debeat?</span> <span class='ocrx_word' id='word_1_54' title='bbox 814 732 927 795; x_wconf 86' lang='lat' dir='ltr'>Quod</span> <span class='ocrx_word' id='word_1_55' title='bbox 960 746 991 783; x_wconf 90' lang='lat' dir='ltr'>si</span> <span class='ocrx_word' id='word_1_56' title='bbox 1024 746 1182 795; x_wconf 86' lang='lat' dir='ltr'>probate</span> <span class='ocrx_word' id='word_1_57' title='bbox 1221 757 1290 794; x_wconf 90' lang='lat' dir='ltr'>po·</span> 
     </span>
     <span class='ocr_line' id='line_1_11' title="bbox 137 811 1292 866; baseline -0.002 -11"><span class='ocrx_word' id='word_1_58' title='bbox 137 863 139 866; x_wconf 17' lang='lat' dir='ltr'>v</span> <span class='ocrx_word' id='word_1_59' title='bbox 175 811 384 863; x_wconf 74' lang='lat' dir='ltr'>tuerimus&#39;,</span> <span class='ocrx_word' id='word_1_60' title='bbox 410 816 647 863; x_wconf 80' lang='lat' dir='ltr'>videbimus,</span> <span class='ocrx_word' id='word_1_61' title='bbox 682 827 771 853; x_wconf 82' lang='lat' dir='ltr'>num</span> <span class='ocrx_word' id='word_1_62' title='bbox 806 818 865 854; x_wconf 85' lang='lat' dir='ltr'>lex</span> <span class='ocrx_word' id='word_1_63' title='bbox 897 816 947 853; x_wconf 88' lang='lat' dir='ltr'>ita</span> <span class='ocrx_word' id='word_1_64' title='bbox 989 816 1127 865; x_wconf 86' lang='lat' dir='ltr'>scripta</span> <span class='ocrx_word' id='word_1_65' title='bbox 1153 827 1173 853; x_wconf 87' lang='lat' dir='ltr'>a</span> <span class='ocrx_word' id='word_1_66' title='bbox 1205 827 1292 854; x_wconf 91' lang='lat' dir='ltr'>sana</span> 
     </span>
     <span class='ocr_line' id='line_1_12' title="bbox 175 885 964 934; baseline 0.001 -10"><span class='ocrx_word' id='word_1_67' title='bbox 175 887 318 924; x_wconf 79' lang='lat' dir='ltr'>rat10ne</span> <span class='ocrx_word' id='word_1_68' title='bbox 352 897 430 924; x_wconf 90' lang='lat' dir='ltr'>non</span> <span class='ocrx_word' id='word_1_69' title='bbox 465 886 665 923; x_wconf 85' lang='lat' dir='ltr'>abhorrere</span> <span class='ocrx_word' id='word_1_70' title='bbox 699 885 772 923; x_wconf 91' lang='lat' dir='ltr'>dici</span> <span class='ocrx_word' id='word_1_71' title='bbox 807 886 964 934; x_wconf 76' lang='lat' dir='ltr'>possit?</span> 
     </span>
    </p>

    <p class='ocr_par' dir='ltr' id='par_1_5' title="bbox 177 956 1301 1427">
     <span class='ocr_line' id='line_1_13' title="bbox 225 956 1294 1006; baseline 0 -11"><span class='ocrx_word' id='word_1_72' title='bbox 225 956 345 996; x_wconf 87' lang='lat' dir='ltr'>Priori</span> <span class='ocrx_word' id='word_1_73' title='bbox 390 956 598 1004; x_wconf 87' lang='lat' dir='ltr'>quaestioni</span> <span class='ocrx_word' id='word_1_74' title='bbox 640 957 761 1004; x_wconf 85' lang='lat' dir='ltr'>primo</span> <span class='ocrx_word' id='word_1_75' title='bbox 801 956 952 994; x_wconf 85' lang='lat' dir='ltr'>obtuitu</span> <span class='ocrx_word' id='word_1_76' title='bbox 999 957 1115 995; x_wconf 87' lang='lat' dir='ltr'>videri</span> <span class='ocrx_word' id='word_1_77' title='bbox 1161 965 1294 1006; x_wconf 89' lang='lat' dir='ltr'>posset</span> 
     </span>
     <span class='ocr_line' id='line_1_14' title="bbox 177 1025 1294 1075; baseline 0.003 -11"><span class='ocrx_word' id='word_1_78' title='bbox 177 1025 244 1064; x_wconf 86' lang='lat' dir='ltr'>vix</span> <span class='ocrx_word' id='word_1_79' title='bbox 273 1026 495 1074; x_wconf 86' lang='lat' dir='ltr'>probatione</span> <span class='ocrx_word' id='word_1_80' title='bbox 526 1026 695 1064; x_wconf 87' lang='lat' dir='ltr'>ulteriori</span> <span class='ocrx_word' id='word_1_81' title='bbox 720 1026 910 1075; x_wconf 83' lang='lat' dir='ltr'>indigere,</span> <span class='ocrx_word' id='word_1_82' title='bbox 938 1028 1028 1075; x_wconf 88' lang='lat' dir='ltr'>quin</span> <span class='ocrx_word' id='word_1_83' title='bbox 1065 1028 1098 1065; x_wconf 91' lang='lat' dir='ltr'>ei</span> <span class='ocrx_word' id='word_1_84' title='bbox 1131 1028 1181 1066; x_wconf 91' lang='lat' dir='ltr'>sit</span> <span class='ocrx_word' id='word_1_85' title='bbox 1199 1029 1294 1067; x_wconf 83' lang='lat' dir='ltr'>affir-</span> 
     </span>
     <span class='ocr_line' id='line_1_15' title="bbox 179 1096 1293 1144; baseline 0.003 -11"><span class='ocrx_word' id='word_1_86' title='bbox 179 1096 312 1134; x_wconf 89' lang='lat' dir='ltr'>mando</span> <span class='ocrx_word' id='word_1_87' title='bbox 356 1097 686 1144; x_wconf 86' lang='lat' dir='ltr'>respondendum,</span> <span class='ocrx_word' id='word_1_88' title='bbox 739 1109 856 1144; x_wconf 91' lang='lat' dir='ltr'>quum</span> <span class='ocrx_word' id='word_1_89' title='bbox 896 1098 1059 1136; x_wconf 87' lang='lat' dir='ltr'>articulis</span> <span class='ocrx_word' id='word_1_90' title='bbox 1099 1102 1210 1138; x_wconf 89' lang='lat'>1108.</span> <span class='ocrx_word' id='word_1_91' title='bbox 1257 1109 1293 1137; x_wconf 91' lang='lat' dir='ltr'>et</span> 
     </span>
     <span class='ocr_line' id='line_1_16' title="bbox 179 1166 1296 1215; baseline 0.004 -12"><span class='ocrx_word' id='word_1_92' title='bbox 179 1175 298 1214; x_wconf 70' lang='lat'>¹131·</span> <span class='ocrx_word' id='word_1_93' title='bbox 329 1166 481 1204; x_wconf 85' lang='lat' dir='ltr'>totidem</span> <span class='ocrx_word' id='word_1_94' title='bbox 519 1166 643 1204; x_wconf 85' lang='lat' dir='ltr'>verbis</span> <span class='ocrx_word' id='word_1_95' title='bbox 676 1166 844 1206; x_wconf 86' lang='lat' dir='ltr'>dicatur:</span> <span class='ocrx_word' id='word_1_96' title='bbox 894 1197 918 1215; x_wconf 83' lang='lat'>,‚</span> <span class='ocrx_word' id='word_1_97' title='bbox 952 1181 1023 1206; x_wconf 72' lang='lat' dir='ltr'>nme</span> <span class='ocrx_word' id='word_1_98' title='bbox 1050 1182 1160 1207; x_wconf 78' lang='lat' dir='ltr'>cause</span> <span class='ocrx_word' id='word_1_99' title='bbox 1194 1171 1296 1208; x_wconf 79' lang='lat' dir='ltr'>licite</span> 
     </span>
     <span class='ocr_line' id='line_1_17' title="bbox 183 1235 1296 1291; baseline 0.005 -19"><span class='ocrx_word' id='word_1_100' title='bbox 183 1263 209 1283; x_wconf 89' lang='lat'>„</span> <span class='ocrx_word' id='word_1_101' title='bbox 233 1235 328 1273; x_wconf 86' lang='lat' dir='ltr'>dans</span> <span class='ocrx_word' id='word_1_102' title='bbox 356 1235 588 1285; x_wconf 80' lang='lat' dir='ltr'>l’obligate’on</span> <span class='ocrx_word' id='word_1_103' title='bbox 614 1245 667 1273; x_wconf 77' lang='lat' dir='ltr'>est</span> <span class='ocrx_word' id='word_1_104' title='bbox 690 1249 760 1273; x_wconf 81' lang='lat' dir='ltr'>une</span> <span class='ocrx_word' id='word_1_105' title='bbox 781 1237 966 1275; x_wconf 82' lang='lat' dir='ltr'>condition</span> <span class='ocrx_word' id='word_1_106' title='bbox 984 1239 1181 1277; x_wconf 74' lang='lat' dir='ltr'>essentielle</span> <span class='ocrx_word' id='word_1_107' title='bbox 1197 1250 1296 1291; x_wconf 84' lang='lat' dir='ltr'>pour</span> 
     </span>
     <span class='ocr_line' id='line_1_18' title="bbox 185 1289 1297 1359; baseline 0.004 -16"><span class='ocrx_word' id='word_1_108' title='bbox 185 1333 210 1353; x_wconf 87' lang='lat'>‚‚</span> <span class='ocrx_word' id='word_1_109' title='bbox 238 1305 279 1343; x_wconf 88' lang='lat' dir='ltr'>la</span> <span class='ocrx_word' id='word_1_110' title='bbox 303 1303 463 1344; x_wconf 66' lang='lat' dir='ltr'>validae</span> <span class='ocrx_word' id='word_1_111' title='bbox 471 1304 582 1343; x_wconf 76' lang='lat' dir='ltr'>d’unc</span> <span class='ocrx_word' id='word_1_112' title='bbox 602 1289 830 1344; x_wconf 51' lang='lat' dir='ltr'>conv&#39;ention.</span> <span class='ocrx_word' id='word_1_113' title='bbox 858 1332 915 1340; x_wconf 92' lang='lat'><strong>—</strong></span> <span class='ocrx_word' id='word_1_114' title='bbox 940 1308 1194 1359; x_wconf 81' lang='lat' dir='ltr'>L’obligatt‘on</span> <span class='ocrx_word' id='word_1_115' title='bbox 1212 1323 1297 1349; x_wconf 82' lang='lat' dir='ltr'>sans</span> 
     </span>
     <span class='ocr_line' id='line_1_19' title="bbox 187 1377 1301 1427; baseline 0.003 -13"><span class='ocrx_word' id='word_1_116' title='bbox 187 1404 212 1424; x_wconf 65' lang='lat' dir='ltr'>a,</span> <span class='ocrx_word' id='word_1_117' title='bbox 237 1387 374 1422; x_wconf 78' lang='lat' dir='ltr'>cause,</span> <span class='ocrx_word' id='word_1_118' title='bbox 410 1383 468 1412; x_wconf 89' lang='lat' dir='ltr'>etc</span> <span class='ocrx_word' id='word_1_119' title='bbox 473 1401 655 1413; x_wconf 90' lang='grc'><strong>.....</strong></span> <span class='ocrx_word' id='word_1_120' title='bbox 684 1389 729 1412; x_wconf 83' lang='lat' dir='ltr'>ne</span> <span class='ocrx_word' id='word_1_121' title='bbox 751 1386 841 1426; x_wconf 79' lang='lat' dir='ltr'>peut</span> <span class='ocrx_word' id='word_1_122' title='bbox 869 1379 978 1416; x_wconf 74' lang='lat' dir='ltr'>avoir</span> <span class='ocrx_word' id='word_1_123' title='bbox 1010 1391 1135 1417; x_wconf 81' lang='lat' dir='ltr'>aucun</span> <span class='ocrx_word' id='word_1_124' title='bbox 1157 1377 1256 1427; x_wconf 65' lang='lat' dir='ltr'>effet.</span> <span class='ocrx_word' id='word_1_125' title='bbox 1274 1380 1301 1396; x_wconf 87' lang='lat'><strong>”</strong></span> 
     </span>
    </p>

    <p class='ocr_par' dir='ltr' id='par_1_6' title="bbox 185 1445 1300 1704">
     <span class='ocr_line' id='line_1_20' title="bbox 233 1445 1299 1493; baseline 0.004 -10"><span class='ocrx_word' id='word_1_126' title='bbox 233 1447 372 1493; x_wconf 90' lang='lat' dir='ltr'>Neque</span> <span class='ocrx_word' id='word_1_127' title='bbox 402 1446 492 1483; x_wconf 82' lang='lat' dir='ltr'>haec</span> <span class='ocrx_word' id='word_1_128' title='bbox 529 1453 638 1492; x_wconf 86' lang='lat' dir='ltr'>negat</span> <span class='ocrx_word' id='word_1_129' title='bbox 674 1445 738 1484; x_wconf 85' lang='lat' dir='ltr'>cl.</span> <span class='ocrx_word' id='word_1_130' title='bbox 777 1447 1048 1486; x_wconf 90' lang='lat' dir='ltr'>Ernstius.</span> <span class='ocrx_word' id='word_1_131' title='bbox 1093 1449 1299 1487; x_wconf 88' lang='lat' dir='ltr'>Contendit</span> 
     </span>
     <span class='ocr_line' id='line_1_21' title="bbox 185 1500 1300 1562; baseline 0.004 -9"><span class='ocrx_word' id='word_1_132' title='bbox 185 1523 334 1562; x_wconf 87' lang='lat' dir='ltr'>autem,</span> <span class='ocrx_word' id='word_1_133' title='bbox 387 1514 591 1552; x_wconf 90' lang='lat' dir='ltr'>secundum</span> <span class='ocrx_word' id='word_1_134' title='bbox 637 1526 758 1552; x_wconf 81' lang='lat' dir='ltr'>reruni</span> <span class='ocrx_word' id='word_1_135' title='bbox 792 1525 958 1554; x_wconf 87' lang='lat' dir='ltr'>naturam</span> <span class='ocrx_word' id='word_1_136' title='bbox 995 1518 1099 1556; x_wconf 91' lang='lat' dir='ltr'>hisce</span> <span class='ocrx_word' id='word_1_137' title='bbox 1135 1500 1300 1558; x_wconf 76' lang='lat' dir='ltr'>articulis</span> 
     </span>
     <span class='ocr_line' id='line_1_22' title="bbox 189 1586 1296 1637; baseline 0.004 -13"><span class='ocrx_word' id='word_1_138' title='bbox 189 1586 314 1624; x_wconf 90' lang='lat' dir='ltr'>locum</span> <span class='ocrx_word' id='word_1_139' title='bbox 344 1596 425 1622; x_wconf 90' lang='lat' dir='ltr'>esse</span> <span class='ocrx_word' id='word_1_140' title='bbox 450 1595 639 1632; x_wconf 87' lang='lat' dir='ltr'>nunquam</span> <span class='ocrx_word' id='word_1_141' title='bbox 677 1596 807 1632; x_wconf 88' lang='lat' dir='ltr'>posse.</span> <span class='ocrx_word' id='word_1_142' title='bbox 861 1586 1028 1634; x_wconf 83' lang='lat' dir='ltr'>Verum,</span> <span class='ocrx_word' id='word_1_143' title='bbox 1053 1600 1148 1635; x_wconf 87' lang='lat' dir='ltr'>quae</span> <span class='ocrx_word' id='word_1_144' title='bbox 1179 1589 1296 1637; x_wconf 86' lang='lat' dir='ltr'>dicit,</span> 
     </span>
     <span class='ocr_line' id='line_1_23' title="bbox 189 1654 1300 1704; baseline 0.005 -11"><span class='ocrx_word' id='word_1_145' title='bbox 189 1664 231 1693; x_wconf 92' lang='lat' dir='ltr'>ut</span> <span class='ocrx_word' id='word_1_146' title='bbox 263 1656 334 1693; x_wconf 92' lang='lat' dir='ltr'>hoc</span> <span class='ocrx_word' id='word_1_147' title='bbox 366 1654 530 1702; x_wconf 83' lang='lat' dir='ltr'>probet,</span> <span class='ocrx_word' id='word_1_148' title='bbox 583 1654 694 1692; x_wconf 90' lang='lat' dir='ltr'>nobis</span> <span class='ocrx_word' id='word_1_149' title='bbox 736 1655 865 1702; x_wconf 89' lang='lat' dir='ltr'>potius</span> <span class='ocrx_word' id='word_1_150' title='bbox 903 1657 1129 1704; x_wconf 82' lang='lat' dir='ltr'>scriptorum</span> <span class='ocrx_word' id='word_1_151' title='bbox 1165 1660 1300 1700; x_wconf 81' lang='lat' dir='ltr'>franci-</span> 
     </span>
    </p>
   </div>
   <div class='ocr_carea' id='block_1_4' title="bbox 1235 1742 1300 1769">
    <p class='ocr_par' dir='ltr' id='par_1_7' title="bbox 1235 1742 1300 1769">
     <span class='ocr_line' id='line_1_24' title="bbox 1235 1742 1300 1769; baseline 0.015 -1"><span class='ocrx_word' id='word_1_152' title='bbox 1235 1742 1300 1769; x_wconf 79' lang='lat' dir='ltr'>co-</span> 
     </span>
    </p>
   </div>
   <div class='ocr_carea' id='block_1_5' title="bbox 189 1864 1306 2240">
    <p class='ocr_par' dir='ltr' id='par_1_8' title="bbox 189 1864 1306 2240">
     <span class='ocr_line' id='line_1_25' title="bbox 222 1864 1298 1901; baseline -0.001 -6"><span class='ocrx_word' id='word_1_153' title='bbox 222 1866 286 1901; x_wconf 80' lang='grc' dir='ltr'>,(ι)</span> <span class='ocrx_word' id='word_1_154' title='bbox 314 1884 339 1901; x_wconf 82' lang='grc'>,,</span> <span class='ocrx_word' id='word_1_155' title='bbox 361 1864 551 1901; x_wconf 78' lang='lat' dir='ltr'>Lorsqu’une</span> <span class='ocrx_word' id='word_1_156' title='bbox 577 1865 678 1893; x_wconf 72' lang='lat' dir='ltr'>clause</span> <span class='ocrx_word' id='word_1_157' title='bbox 703 1870 750 1891; x_wconf 71' lang='lat' dir='ltr'>est</span> <span class='ocrx_word' id='word_1_158' title='bbox 775 1865 958 1900; x_wconf 73' lang='lat' dir='ltr'>susceptible</span> <span class='ocrx_word' id='word_1_159' title='bbox 986 1864 1021 1892; x_wconf 73' lang='lat' dir='ltr'>de</span> <span class='ocrx_word' id='word_1_160' title='bbox 1045 1865 1124 1893; x_wconf 77' lang='lat' dir='ltr'>deux</span> <span class='ocrx_word' id='word_1_161' title='bbox 1148 1875 1233 1901; x_wconf 76' lang='lat' dir='ltr'>sens,</span> <span class='ocrx_word' id='word_1_162' title='bbox 1262 1877 1298 1894; x_wconf 75' lang='lat' dir='ltr'>on</span> 
     </span>
     <span class='ocr_line' id='line_1_26' title="bbox 189 1921 1299 1958; baseline 0.001 -8"><span class='ocrx_word' id='word_1_163' title='bbox 189 1942 213 1958; x_wconf 87' lang='lat'>„</span> <span class='ocrx_word' id='word_1_164' title='bbox 232 1923 300 1950; x_wconf 71' lang='lat' dir='ltr'>doit</span> <span class='ocrx_word' id='word_1_165' title='bbox 312 1923 418 1958; x_wconf 72' lang='lat' dir='ltr'>plntdt</span> <span class='ocrx_word' id='word_1_166' title='bbox 435 1921 603 1949; x_wconf 74' lang='lat' dir='ltr'>I&#39;entendre</span> <span class='ocrx_word' id='word_1_167' title='bbox 625 1922 700 1949; x_wconf 72' lang='lat' dir='ltr'>dans</span> <span class='ocrx_word' id='word_1_168' title='bbox 721 1922 823 1958; x_wconf 70' lang='lat' dir='ltr'>celui,</span> <span class='ocrx_word' id='word_1_169' title='bbox 839 1931 912 1950; x_wconf 71' lang='lat' dir='ltr'>avec</span> <span class='ocrx_word' id='word_1_170' title='bbox 927 1923 1030 1957; x_wconf 82' lang='lat' dir='ltr'>lequel</span> <span class='ocrx_word' id='word_1_171' title='bbox 1048 1923 1106 1950; x_wconf 81' lang='lat' dir='ltr'>elle</span> <span class='ocrx_word' id='word_1_172' title='bbox 1117 1929 1196 1958; x_wconf 74' lang='lat' dir='ltr'>peut</span> <span class='ocrx_word' id='word_1_173' title='bbox 1208 1926 1299 1953; x_wconf 73' lang='lat' dir='ltr'>av&#39;on&#39;r</span> 
     </span>
     <span class='ocr_line' id='line_1_27' title="bbox 191 1978 1300 2016; baseline 0.002 -9"><span class='ocrx_word' id='word_1_174' title='bbox 191 1999 215 2016; x_wconf 90' lang='lat'>„</span> <span class='ocrx_word' id='word_1_175' title='bbox 236 1980 365 2016; x_wconf 77' lang='lat' dir='ltr'>quelque</span> <span class='ocrx_word' id='word_1_176' title='bbox 381 1979 470 2015; x_wconf 52' lang='lat' dir='ltr'>effac,</span> <span class='ocrx_word' id='word_1_177' title='bbox 484 1988 540 2015; x_wconf 82' lang='lat' dir='ltr'>que</span> <span class='ocrx_word' id='word_1_178' title='bbox 557 1979 631 2006; x_wconf 81' lang='lat' dir='ltr'>dans</span> <span class='ocrx_word' id='word_1_179' title='bbox 642 1979 670 2006; x_wconf 80' lang='lat' dir='ltr'>Ie</span> <span class='ocrx_word' id='word_1_180' title='bbox 681 1988 746 2005; x_wconf 79' lang='lat' dir='ltr'>sens</span> <span class='ocrx_word' id='word_1_181' title='bbox 758 1998 768 2012; x_wconf 89' lang='lat'><strong>,</strong></span> <span class='ocrx_word' id='word_1_182' title='bbox 780 1987 853 2006; x_wconf 71' lang='lat' dir='ltr'>ave:</span> <span class='ocrx_word' id='word_1_183' title='bbox 872 1979 973 2014; x_wconf 82' lang='lat' dir='ltr'>lequel</span> <span class='ocrx_word' id='word_1_184' title='bbox 989 1979 1048 2007; x_wconf 76' lang='lat' dir='ltr'>elle</span> <span class='ocrx_word' id='word_1_185' title='bbox 1068 1978 1133 2007; x_wconf 83' lang='lat' dir='ltr'>n’en</span> <span class='ocrx_word' id='word_1_186' title='bbox 1146 1982 1300 2016; x_wconf 73' lang='lat' dir='ltr'>pourras&#39;e</span> 
     </span>
     <span class='ocr_line' id='line_1_28' title="bbox 189 2034 1301 2074; baseline 0.004 -11"><span class='ocrx_word' id='word_1_187' title='bbox 189 2056 213 2071; x_wconf 87' lang='lat'>,‚</span> <span class='ocrx_word' id='word_1_188' title='bbox 232 2036 380 2072; x_wconf 69' lang='lat' dir='ltr'>produtre</span> <span class='ocrx_word' id='word_1_189' title='bbox 416 2034 561 2064; x_wconf 82' lang='lat' dir='ltr'>aucun.’&#39;</span> <span class='ocrx_word' id='word_1_190' title='bbox 599 2034 647 2063; x_wconf 84' lang='lat' dir='ltr'>Sic</span> <span class='ocrx_word' id='word_1_191' title='bbox 674 2034 785 2063; x_wconf 87' lang='lat' dir='ltr'>dicitur</span> <span class='ocrx_word' id='word_1_192' title='bbox 808 2034 838 2062; x_wconf 81' lang='lat' dir='ltr'>in</span> <span class='ocrx_word' id='word_1_193' title='bbox 861 2041 917 2064; x_wconf 75' lang='lat' dir='ltr'>art.</span> <span class='ocrx_word' id='word_1_194' title='bbox 943 2036 1021 2064; x_wconf 89' lang='lat' dir='ltr'>Cod.</span> <span class='ocrx_word' id='word_1_195' title='bbox 1049 2035 1120 2066; x_wconf 89' lang='lat' dir='ltr'>Civ.</span> <span class='ocrx_word' id='word_1_196' title='bbox 1152 2045 1235 2073; x_wconf 85' lang='lat'>1157.</span> <span class='ocrx_word' id='word_1_197' title='bbox 1263 2052 1301 2074; x_wconf 59' lang='lat' dir='ltr'>q—</span> 
     </span>
     <span class='ocr_line' id='line_1_29' title="bbox 193 2091 1306 2133; baseline 0.003 -12"><span class='ocrx_word' id='word_1_198' title='bbox 193 2094 279 2130; x_wconf 87' lang='lat' dir='ltr'>Quae</span> <span class='ocrx_word' id='word_1_199' title='bbox 302 2092 328 2121; x_wconf 89' lang='lat' dir='ltr'>si</span> <span class='ocrx_word' id='word_1_200' title='bbox 347 2094 467 2121; x_wconf 80' lang='lat' dir='ltr'>valeant</span> <span class='ocrx_word' id='word_1_201' title='bbox 489 2092 526 2119; x_wconf 83' lang='lat' dir='ltr'>de</span> <span class='ocrx_word' id='word_1_202' title='bbox 546 2091 736 2133; x_wconf 81' lang='lat' dir='ltr'>privatorum</span> <span class='ocrx_word' id='word_1_203' title='bbox 753 2091 1030 2128; x_wconf 84' lang='lat' dir='ltr'>conventionibus,</span> <span class='ocrx_word' id='word_1_204' title='bbox 1051 2101 1163 2128; x_wconf 90' lang='lat' dir='ltr'>quanto</span> <span class='ocrx_word' id='word_1_205' title='bbox 1181 2095 1306 2125; x_wconf 62' lang='lat' dir='ltr'>veriora</span> 
     </span>
     <span class='ocr_line' id='line_1_30' title="bbox 193 2148 1301 2184; baseline 0.003 -6"><span class='ocrx_word' id='word_1_206' title='bbox 193 2157 262 2178; x_wconf 84' lang='lat' dir='ltr'>sunt</span> <span class='ocrx_word' id='word_1_207' title='bbox 289 2151 327 2178; x_wconf 88' lang='lat' dir='ltr'>de</span> <span class='ocrx_word' id='word_1_208' title='bbox 351 2149 483 2184; x_wconf 81' lang='lat' dir='ltr'>legibus,</span> <span class='ocrx_word' id='word_1_209' title='bbox 509 2156 586 2183; x_wconf 78' lang='lat' dir='ltr'>quae</span> <span class='ocrx_word' id='word_1_210' title='bbox 615 2149 750 2177; x_wconf 87' lang='lat' dir='ltr'>omnium</span> <span class='ocrx_word' id='word_1_211' title='bbox 772 2148 886 2177; x_wconf 82' lang='lat' dir='ltr'>civium</span> <span class='ocrx_word' id='word_1_212' title='bbox 919 2148 1069 2177; x_wconf 75' lang='lat' dir='ltr'>fortunam</span> <span class='ocrx_word' id='word_1_213' title='bbox 1093 2159 1127 2179; x_wconf 83' lang='lat' dir='ltr'>ac</span> <span class='ocrx_word' id='word_1_214' title='bbox 1150 2153 1301 2181; x_wconf 51' lang='lat' dir='ltr'>conditior</span> 
     </span>
     <span class='ocr_line' id='line_1_31' title="bbox 195 2213 455 2240; baseline -0.004 -6"><span class='ocrx_word' id='word_1_215' title='bbox 195 2214 263 2234; x_wconf 83' lang='lat' dir='ltr'>nem</span> <span class='ocrx_word' id='word_1_216' title='bbox 285 2213 402 2240; x_wconf 81' lang='lat' dir='ltr'>regunt.</span> <span class='ocrx_word' id='word_1_217' title='bbox 453 2223 455 2226; x_wconf 93' lang='lat'><em>-</em></span> 
     </span>
    </p>
   </div>
  </div>
 </body>
</html>
