1487 2703
218 201 262 248 3ss
435 195 1097 236 COMMENTATlo

220 315 369 359 torum,
420 303 485 342 ubi
517 304 761 350 advenerant,
811 315 888 342 non
925 306 1008 344 ilico
1044 305 1172 344 hostili
1206 306 1332 345 animo

221 383 346 423 aperte
380 385 464 413 eum
497 384 586 412 sunt
623 374 816 422 aggressi,
855 386 982 413 verum
1019 375 1170 415 insidias
1207 377 1240 415 ei
1270 388 1338 426 pa-

221 453 411 483 raverunt.
464 444 639 483 Scribunt
670 444 768 482 enim
805 446 998 493 epistolam
1032 456 1210 494 perquam
1246 446 1336 484 ami-

224 525 329 562 cam,
379 525 450 562 qua
485 514 669 552 declarant
704 525 746 552 se
780 514 925 552 venisse
967 523 1007 552 ut
1042 514 1170 562 litem,
1225 526 1332 562 quam

222 597 306 623 cum
339 585 508 635 Johanne
541 584 719 631 haberet,
748 583 786 621 in
815 585 928 633 hujus
956 583 1214 622 detrimentum
1234 595 1337 622 com·

221 663 431 704 ponerent,
483 662 520 692 et
555 662 738 703 praeterea
776 654 918 691 huncce
954 661 1129 701 cogerent
1163 653 1208 692 ad
1248 654 1339 692 obe·

222 725 414 763 dientiam:
466 733 570 762 antea
599 733 719 762 tamen
752 735 834 761 cum
865 723 1032 773 Josepho
1061 722 1336 762 deliberandum

226 806 308 833 esse
336 795 402 833 hac
432 795 476 833 de
501 806 563 842 τες
606 806 718 842 quare
755 805 839 832 eum
875 794 1033 831 invitant
1066 802 1109 832 ut
1136 795 1182 832 ad
1205 806 1246 832 se
1278 806 1341 834 ve-

227 865 304 904 niat
332 876 416 903 cum
449 864 583 913 exiguo
612 865 820 911 comitam,
849 866 935 912 quia
967 864 1093 911 vicus,
1124 863 1189 902 ubi
1220 875 1341 901 mora·

225 934 361 972 bantur
392 942 548 982 propter
580 942 778 981 angustum
817 934 994 972 ambitum
1030 936 1170 972 multos
1203 933 1340 973 milites

227 1002 396 1052 excipere
427 1013 504 1041 non
527 1011 693 1054 poterat.
746 1002 908 1041 Litteras
933 1004 1042 1041 hasce
1067 1005 1112 1042 ad
1129 1004 1335 1053 Josephum

227 1072 462 1121 perferendas
496 1073 583 1111 dant
616 1072 733 1121 equiti
761 1073 932 1121 cuidam,
959 1075 1024 1130 qui
1049 1074 1138 1112 vino
1169 1075 1339 1123 sepultus

221 1140 405 1188 Jonathae
434 1149 471 1180 et
503 1143 725 1190 collegarum
758 1142 913 1179 consilia
948 1142 1176 1191 insidiasque
1199 1144 1339 1192 prodit.

227 1212 272 1250 In
309 1211 444 1249 talibus
478 1211 659 1260 angustiis
697 1213 877 1262 (nempe,
931 1212 962 1249 si
998 1213 1042 1250 ad
1076 1214 1218 1262 legatos
1256 1224 1342 1252 cum

232 1281 413 1319 militibus
445 1281 644 1328 veniebat,
681 1282 836 1320 dubium
870 1293 947 1320 non
983 1292 1058 1320 erat
1094 1285 1184 1330 quin
1214 1284 1259 1322 ab
1293 1284 1339 1323 iis

230 1352 545 1400 prehenderetur,
573 1351 632 1389 sin
669 1363 757 1389 vero
797 1353 877 1390 sine
912 1353 1123 1400 militibus,
1150 1365 1235 1391 eum
1261 1363 1342 1393 tan-

232 1433 341 1468 quam
379 1422 523 1459 hostem
568 1422 809 1459 condemnare
858 1422 1050 1470 poterant)
1086 1423 1243 1462 inimicis
1276 1436 1342 1473 par

233 1489 312 1538 pari
342 1489 478 1528 referre
496 1490 679 1539 optimum
713 1491 746 1528 ei
779 1491 985 1531 videbatur.
1038 1493 1250 1541 Respondit
1273 1494 1343 1542 igi·

232 1568 292 1597 tur
324 1559 479 1597 comiter
511 1560 634 1598 eadem
663 1560 831 1608 ratione,
867 1573 906 1598 se
941 1563 1064 1600 laetari
1095 1575 1160 1601 eos
1193 1564 1231 1601 in
1265 1563 1342 1603 Ga-

232 1630 372 1668 lilaeam
407 1630 580 1677 venisse,
633 1630 720 1678 quia
748 1631 822 1679 jam
858 1631 931 1669 sibi
966 1632 1091 1670 liceret
1123 1633 1160 1670 in
1187 1633 1341 1682 patriam

235 1700 388 1738 reverti:
443 1711 485 1738 se
525 1700 648 1738 statim
687 1702 832 1747 quidem
874 1702 918 1739 ad
955 1713 1019 1740 eos
1056 1704 1184 1742 venire
1219 1706 1340 1753 velle,

234 1770 307 1807 nisi
341 1779 465 1808 motus
488 1770 625 1808 Placidi
661 1771 904 1819 observaret,
932 1781 969 1810 et
994 1773 1086 1811 hanc
1115 1775 1164 1810 ob
1194 1785 1340 1813 causam

236 1839 436 1886 CliabolO,
477 1840 542 1878 ubi
570 1851 659 1879 tunc
692 1850 789 1888 erat,
827 1843 1034 1889 relinquere
1069 1853 1147 1884 non
1178 1844 1340 1892 audere,

235 1911 320 1948 illos
350 1910 508 1948 invitans
540 1919 580 1948 ut
616 1911 660 1948 ad
690 1922 731 1948 se
766 1911 948 1950 venirent.
1002 1912 1109 1950 Hanc
1145 1915 1339 1962 epistolam

232 1980 331 2019 dedit
366 1981 472 2019 militi
510 1981 575 2028 qui
617 1982 820 2029 legatorum
866 1983 1008 2021 litteras
1047 1986 1248 2031 attulerat,
1300 1993 1343 2023 ut

233 2062 310 2088 eam
340 2049 519 2099 Jonathae
554 2051 754 2099 perferret3
784 2063 945 2101 cumque
976 2065 1021 2091 eo
1055 2053 1156 2091 misit
1192 2054 1342 2104 triginta

230 2121 480 2160 Galilaeorum
516 2122 827 2170 spectatissimos,
862 2124 929 2172 qui
962 2125 1101 2173 legatos
1133 2134 1341 2175 reverenter

233 2191 378 2238 quidem
417 2200 453 2229 et
485 2203 567 2229 cum
607 2192 839 2231 observantia
874 2196 1100 2240 salutarent,
1153 2203 1339 2244 praeterea

233 2271 320 2298 vero
359 2261 409 2298 nil
438 2262 623 2309 dicerent,
681 2264 743 2301 sed
779 2264 898 2301 omnia
936 2264 1128 2312 diligenter
1165 2265 1339 2304 observa-

1237 2343 1332 2375 rent.
