1487 2703
425 165 936 205 LITERARIA.
1195 179 1238 214 71

128 285 214 314 nem
239 273 416 325 pervenit
460 276 733 322 difficillimam,
770 275 1085 325 >mirabili‘modo
1127 275 1241 313 evita·

126 348 213 395 vit,
251 346 359 395 eique
394 357 672 394 nonnumquam
713 358 778 394 par
814 345 892 393 pari
918 346 1058 389 retulit.
1112 345 1238 395 Quan-

130 418 180 455 do
217 417 257 454 in
290 417 463 465 periculis
499 416 713 454 versabatur
750 415 945 462 maximis,
988 415 1135 463 quando
1173 426 1241 462 po-

127 485 208 533 puli
239 486 407 525 seditiosi
439 486 574 533 furor,
616 496 678 523 aut
713 487 878 524 hostium
913 486 1144 523 irascentium
1177 497 1240 522 co-

127 557 272 594 namina
303 557 336 595 ei
370 557 623 602 minabantur,
677 556 812 603 ingenii
854 567 1005 593 acumen
1045 568 1125 593 eum
1163 554 1240 592 fere

126 635 272 673 semper
315 624 490 666 servavit.
567 623 694 664 Animi
729 625 932 673 praesentia
970 624 1002 661 ei
1037 636 1239 671 numquam

124 694 266 743 defuit3
295 696 350 733 sic
385 707 469 733 cum
501 695 539 733 in
567 695 723 733 maximo
748 695 846 732 vitae
877 694 1044 742 periculo
1077 705 1239 732 versare-

126 772 212 812 tur,
235 765 405 814 Jotapata
428 777 472 812 e.
500 775 538 812 g.
565 765 712 817 diruta,
738 776 824 818 cun]
849 766 921 813 jam
949 772 1104 801 mortem
1134 763 1239 811 quasi

126 835 212 871 ante
250 835 382 872 oculos
420 834 596 881 haberet,
638 843 672 871 et
707 834 760 871 nil
791 846 872 871 eum
908 834 1095 872 videretur
1126 845 1237 881 posse

124 914 297 958 servare,
334 913 424 943 tunc
459 905 599 951 dolus,
638 916 748 952 quem
770 904 905 942 ¹subito
939 904 1237 952 excogitaverat,

124 983 146 1009 e
175 972 341 1020 periculo
377 984 460 1011 eum
498 973 716 1027 vindicavit.
796 974 895 1012 Cum
930 975 1104 1029 captivus
1142 964 1239 1013 esset
1287 989 1292 994 ⁴

125 1042 346 1091 Vespasiani
383 1043 505 1082 statim
545 1055 628 1081 eum
665 1043 709 1081 ad
751 1054 792 1081 se
827 1043 1054 1092 adstringere
1100 1044 1240 1082 sciebat

123 1113 297 1151 laudibus
345 1125 427 1151 euni
478 1112 664 1161 efferens,
717 1113 946 1162 gloriamque
998 1113 1157 1152 futuram
1207 1114 1240 1151 ei

121 1183 350 1230 praedicens.
404 1183 465 1221 Sic
494 1194 582 1231 ergo
618 1182 657 1221 in
688 1193 765 1222 tota
799 1185 878 1233 ejus
908 1185 983 1222 vita
1007 1184 1149 1231 ubique
1173 1184 1239 1221 hu·

118 1253 181 1301 jus
215 1253 353 1300 ingenii
386 1253 594 1301 sagacitatis
626 1254 760 1293 indicia
789 1254 1015 1293 invenimus.

174 1322 305 1360 Virtus
348 1323 478 1361 bellica
511 1335 600 1361 vero
638 1335 714 1361 non
748 1324 798 1362 ita
823 1325 861 1360 in
891 1336 935 1362 eo
973 1326 1150 1363 laudanda
1183 1325 1238 1362 vi-

120 1392 244 1431 detur.
298 1393 415 1441 Saepe
447 1394 541 1430 enim
582 1405 743 1441 pugnam
781 1394 920 1432 evitare
954 1404 1110 1432 conatus
1149 1405 1235 1440 est,

121 1461 226 1509 imo,
249 1462 420 1512 Jotapata
453 1463 630 1510 obsessa,
669 1464 769 1502 cives
803 1476 893 1502 suos
936 1464 1149 1512 militesque
1183 1477 1236 1501 re-

119 1532 288 1580 linquere
322 1533 467 1571 studuit
505 1542 541 1570 et
575 1532 662 1581 fuga
695 1535 848 1572 salutem
884 1546 1057 1582 quaerere
1089 1535 1234 1573 voluit:

119 1603 290 1651 quamvis
323 1602 514 1641 fatendum
557 1613 614 1642 est
659 1604 759 1641 illum
804 1605 888 1642 dein
930 1604 1077 1642 fortiter
1116 1605 1235 1653 egisse

120 1675 377 1721 virtutemque·
409 1685 486 1711 non
524 1675 690 1722 exiguam
729 1675 952 1713 ostendisse.
1031 1676 1090 1714 Sic
1127 1676 1232 1713 etiam

118 1754 196 1781 non
234 1756 380 1792 semper
419 1743 493 1782 fuit
530 1744 601 1782 fide
643 1744 858 1793 incorrupta
893 1755 929 1783 et
970 1747 1235 1794 strategemati-

116 1812 189 1865 bus
223 1815 387 1862 doloque
424 1814 566 1853 abusus
595 1824 679 1862 est,
709 1815 757 1853 ita
782 1823 824 1853 ut
851 1816 997 1854 animus
1021 1827 1097 1854 non
1117 1807 1234 1864 aeque

116 1896 158 1928 ea
191 1885 299 1924 laude
340 1885 476 1933 dignus
520 1885 688 1923 videatur
726 1898 767 1923 ac
809 1898 911 1924 mens
954 1895 989 1924 et
1030 1887 1230 1935 ingenium.-

105 1954 235 1997 -Filius
270 1963 391 1999 tamen
428 1954 501 1992 fuit
537 1955 686 2003 bonus,
715 1965 885 2004 parentes
912 1957 1066 2006 diligens
1091 1958 1234 2008 pioque

114 2036 242 2069 amore
270 2026 422 2073 colens,
466 2027 569 2074 quod
608 2027 815 2064 luculenter
849 2036 950 2076 patet
984 2039 1028 2065 ex
1056 2028 1230 2066 omnibus

113 2097 237 2145 loe-is,
267 2097 406 2145 quibus
439 2097 484 2135 de
511 2104 613 2144 patre
640 2098 698 2134 vel
727 2085 840 2134 matre
864 2096 1045 2144 loquitur.
1092 2082 1097 2084 Δ

165 2168 339 2218 Quisque
378 2167 443 2215 qui
479 2168 570 2205 hanc
606 2167 703 2205 vitae
738 2167 895 2216 Josephi
940 2167 1226 2215 descriptionem

112 2237 291 2287 inspicit,
339 2238 462 2277 statim
496 2236 667 2286 profecto
701 2237 837 2276 sentiet
869 2238 901 2275 ei
939 2236 1055 2275 fuisse
1093 2238 1226 2275 multas

1105 2316 1106 2320 ’
1133 2316 1229 2345 vitae
