1544 2693
229 146 272 191 38
388 137 803 177 COMMENTATIO
833 138 1206 179 THEOLOGICA.

231 249 405 294 alendos;
455 245 635 294 genuinos
672 246 809 282 sodales
843 246 880 283 in
916 247 1012 293 fide,
1052 248 1112 296 spe
1150 259 1185 285 ct
1217 260 1341 288 amore

232 317 529 361 confirmandos3
559 324 595 352 et
633 315 829 351 Societatis
866 316 1100 355 Christianae
1130 318 1340 355 felicitatem

231 399 272 427 ac
308 383 553 424 salubritatem
590 384 879 432 provehendam.
945 387 1170 434 Agnoscunt
1198 388 1343 425 Docto-

236 469 293 497 res
328 464 362 493 et
394 456 563 493 Pastores
588 466 608 491 a
632 453 788 492 Christo
825 455 946 501 datos,
985 455 1121 502 quibus
1150 457 1348 494 commissa

238 537 293 564 est
335 537 423 563 cura
470 523 667 572 Euangelii
709 535 779 572 pro
824 524 1006 562 concione
1058 525 1349 575 interpretandi,

237 594 473 649 Christianos
514 593 699 641 docendi,
743 594 942 641 monendi,
984 596 1182 644 hortandi,
1222 596 1351 635 conso-

238 666 367 713 laudi,
399 674 436 703 et
470 665 508 703 in
543 663 704 712 fingulis‘
727 665 900 702 coetibus
926 668 988 712 τὴν
1021 668 1189 714 εὐταξίαν
1218 678 1354 716 procu.

240 735 372 784 randi,
405 734 671 782 conservandi,
709 736 850 774 tuendi.
905 725 1099 784 Denique,
1137 736 1175 774 in
1209 730 1359 774 cunctis¹

241 805 424 844 Ecclefiae
450 805 654 852 institutis,
683 805 722 842 id
751 805 1142 853 maximequaerurit,
1169 807 1356 855 probant,

243 876 459 914 conservant
479 903 492 923 ‚
518 886 593 923 quo
620 875 815 913 universae
846 874 1051 913 sodalitatis·
1074 877 1294 914 concordiae
1321 886 1358 914 et

245 944 528 993 tranquillitati,
579 944 884 992 fingulorumque
920 945 1117 982 commodo
1150 953 1185 982 et
1219 946 1360 984 emolu·

245 1024 395 1062 mento,
430 1015 570 1063 optime
615 1014 878 1063 prospiciatur.
945 1015 1043 1052 Haec
1082 1025 1123 1052 ea
1158 1014 1266 1061 sunt,
1314 1016 1360 1053 de

247 1085 386 1133 quibus
419 1084 625 1133 persuasum
654 1084 730 1122 esse
757 1085 905 1121 confido
935 1084 1124 1132 plerisque
1151 1085 1360 1124 Protestan-

247 1155 351 1192 tibus
368 1182 380 1201 ‚
407 1155 622 1192 nominatim
656 1154 830 1191 omnibus
860 1153 1077 1192 reformatae
1103 1155 1288 1194 Ecclefiae
1316 1168 1361 1195 ex

249 1225 371 1264 animo
410 1224 591 1271 addictis,
620 1232 661 1260 ut
685 1224 775 1261 adeo
807 1224 851 1261 ab
886 1223 931 1261 iis
958 1224 1159 1271 probandis
1187 1233 1272 1264 tuto
1297 1227 1362 1264 ab·

247 1295 413 1333 stineam.

300 1364 439 1402 Verum
456 1391 469 1410 ,
497 1363 556 1401 his
577 1363 784 1410 concessis,
812 1362 974 1400 dubitari
1000 1363 1246 1402 nihilominus
1273 1375 1361 1413 pot-

252 1443 310 1472 est
351 1443 386 1471 et
420 1433 611 1470 dubitatur
645 1444 665 1470 a
691 1443 767 1470 non
797 1432 950 1480 paucis,
989 1432 1036 1470 de
1063 1433 1231 1471 bonitate
1262 1434 1363 1472 insti·

253 1503 354 1550 tuti,
393 1502 501 1541 cuius
546 1502 638 1540 ratio
673 1514 692 1540 a
720 1502 828 1539 nobis
864 1503 1045 1541 reddenda
1083 1513 1154 1542 est.
1217 1503 1260 1542 In
1295 1505 1366 1543 du-

256 1573 359 1612 bium
392 1573 489 1611 enim
522 1581 676 1610 vocatur
709 1572 965 1620 consuetud0‚
994 1575 1069 1620 qua
1091 1575 1258 1624 primum
1283 1574 1367 1621 qui-

256 1643 338 1682 dem
370 1643 558 1680 doctrinae
589 1641 825 1681 Christianae
868 1642 1018 1690 capita,
1057 1641 1204 1692 definito
1243 1655 1365 1692 eoque

257 1721 440 1761 perpetuo
473 1713 599 1750 ordine
633 1712 831 1760 disposita,
859 1712 1054 1749 identidem
1085 1724 1154 1760 pro
1188 1715 1368 1752 concione

258 1793 522 1831 exponuntur,
573 1782 702 1820 deinde
744 1782 850 1819 etiam
889 1793 987 1821 unus
1025 1783 1197 1831 idemque
1243 1784 1367 1831 ordo,

260 1852 436 1890 omnibus
484 1861 700 1901 repurgatae
749 1851 933 1890 Ecclesiae
981 1853 1150 1901 Belgicae
1196 1854 1367 1892 coetibus

258 1921 493 1968 communis,
523 1922 799 1970 praescribitur.

311 1992 526 2038 Utrumque
553 1993 665 2039 igitur
690 1992 896 2030 institutum
934 1993 1081 2030 laudare
1115 2002 1150 2030 et
1172 2005 1191 2030 a
1221 1993 1372 2042 vitupe-

261 2065 401 2102 ratione
437 2057 630 2101 defendere
655 2063 848 2110 conabor,
899 2074 1011 2101 unum
1054 2054 1174 2112 capite
1215 2065 1367 2115 priori,

261 2135 411 2173 alterum
442 2136 654 2184 posteriori.

1272 2273 1343 2312 CA
