1487 2703
396 148 907 191 ιΙΤΕΚΛΚΙΛ.
1173 162 1218 198 91

109 263 230 302 omnis
263 260 613 299 communicationis
641 260 699 299 via
725 259 821 298 inter
846 260 947 299 viros
971 260 1102 298 doctos
1132 270 1222 298 con-

107 333 229 373 stabat
256 331 294 370 in
324 340 401 368 arte
431 330 632 369 scribendi.

158 401 284 452 Quum
329 410 450 439 autern
484 401 632 450 Judaeis
668 402 787 439 multo
820 401 942 439 minus
983 411 1081 440 esset
1123 413 1224 440 com-

109 473 286 511 mercium
335 484 419 510 eum
466 471 548 510 aliis
593 471 774 520 populis,
829 484 944 519 quum
982 457 1110 510 nullos*
1147 471 1225 510 fere

109 552 379 593 cognoscerent
411 542 612 591 scriptores
644 551 864 590 extraneos,
893 542 984 579 alios
1018 542 1120 590 parvi
1150 555 1227 581 aes-

110 613 302 661 rimantes,
351 612 582 660 aliorumque
612 623 731 649 mores
773 619 809 648 et
849 611 1018 648 instituta
1052 623 1229 659 spernen-

110 690 198 730 tes,
250 683 302 720 illi
333 693 420 720 sane
455 693 608 728 eorum,
662 681 726 729 qui
759 681 879 727 gentis
915 692 1002 718 suae
1035 681 1241 727 historiam

112 752 312 801 aliquando
338 752 419 790 aliis
451 760 639 798 narraret,
667 761 765 799 opus
800 750 873 787 fuit
899 750 1116 798 cognitione
1143 752 1233 788 alio-

111 835 193 861 rum
230 823 454 871 scriptorum
499 830 535 859 et
575 821 832 859 institutorum
872 821 956 869 (1).
1018 822 1231 868 Ponamus,

113 905 155 933 v.
179 905 219 943 g.
245 893 433 941 aliquem,
476 891 568 941 qui,
609 892 663 929 uti
695 892 917 940 josephus,
963 891 1128 929 omnium
1166 904 1229 940 pa-

111 968 204 1003 triae
250 976 395 1002 morum
438 972 474 1000 et
509 962 767 1000 institutorum
815 970 912 999 esset
953 961 1202 1010 peritissimus
1218 989 1242 1012 ,ἲ

114 1035 180 1083 qui
203 1044 316 1073 totam
351 1035 430 1084 ejus
467 1032 658 1071 historiam
694 1041 948 1082 perscrutatus
985 1040 1108 1078 esset,
1137 1033 1233 1081 ejus-

114 1116 189 1152 que
224 1104 463 1152 antiquitates
496 1112 532 1141 et
569 1103 656 1141 alias
687 1115 753 1140 res
786 1103 884 1140 scitu
916 1102 1044 1151 dignas
1077 1113 1238 1151 cognos-

51 1171 52 1174 '
113 1183 235 1222 ceret‚
287 1174 404 1212 verbo
443 1174 508 1222 qui
543 1185 640 1211 unus
675 1182 774 1210 esset
809 1172 973 1210 omnium
1024 1172 1233 1220 aequalium

111 1245 418 1294 eruditissimu53
472 1245 537 1282 sed
577 1243 642 1291 qui
673 1254 821 1292 semper
857 1243 895 1279 in
931 1242 1046 1290 patria
1081 1242 1236 1280 mansis-

115 1324 202 1363 set3
247 1314 309 1352 cui
342 1314 600 1352 tantummodo
636 1325 676 1350 ea
711 1325 806 1360 quae
842 1311 895 1349 ibi
919 1320 1136 1359 exstarent,
1181 1324 1237 1349 es-

116 1395 201 1424 sent
228 1394 347 1432 nota,
375 1386 560 1433 quivero
592 1392 734 1421 caetera
761 1383 884 1420 omnia
916 1384 1125 1431 ignoraret3
1155 1382 1237 1420 talis

116 1465 215 1494 certe
244 1466 443 1503 numquam
471 1454 610 1502 patriae
637 1453 828 1490 historiam
857 1453 1039 1490 extraneis
1073 1452 1123 1490 ita
1155 1464 1238 1489 nar-

117 1538 198 1566 rare
227 1525 443 1575 potuisset,
470 1533 512 1562 ut
541 1525 578 1562 hi
608 1535 691 1562 eum
716 1524 981 1571 intelligerent.·
1033 1522 1237 1572 Quomodo
1261 1558 1267 1563 ,

120 1609 283 1645 quaeso,
312 1608 406 1645 quae
428 1595 578 1644 judaeis
614 1594 765 1643 propria
798 1602 899 1631 erant
930 1593 1159 1640 explicaret,
1189 1593 1238 1630 ita

118 1677 162 1706 ut
202 1667 264 1705 alii
295 1679 335 1705 ea
369 1675 570 1715 caperent,
612 1666 645 1704 si
679 1664 734 1702 nil
773 1675 899 1701 eorum
934 1662 968 1700 ei
1002 1662 1238 1710 innotuerit,

120 1738 344 1786 quibuscum
376 1749 417 1775 ea
450 1747 691 1784 comparare,
728 1735 762 1772 si
793 1736 918 1772 nullos
952 1745 1078 1770 eorum
1116 1718 1238 1770 mores

119 1808 367 1858 cognoverit,
395 1818 462 1856 per
497 1818 593 1855 quos
631 1805 794 1854 propriis
827 1805 887 1843 sui
911 1803 1045 1852 populi
1070 1803 1239 1841 moribus

118 1879 239 1918 lucem
268 1878 398 1917 afferre
428 1887 589 1926 posset,
618 1876 694 1914 imo
723 1887 807 1914 cum
839 1875 920 1923 ipse
952 1874 1119 1922 nesciat,
1148 1873 1248 1921 quid

121 1948 183 1987 aiii
216 1948 422 1996 intelligere
462 1945 640 1996 possint,
692 1946 784 1993 quid
819 1955 909 1983 vero
951 1944 1098 1992 minus,
1154 1944 1241 1983 hinc

125 2029 235 2068 saepe
268 2018 448 2066 explicat,
503 2028 596 2065 quae
627 2017 727 2054 nulla
766 2014 1011 2064 explicatione
1040 2004 1235 2064 indigent,

1176 2096 1241 2124 ne-

165 2183 218 2221 (1)
237 2184 285 2217 cf.
306 2185 381 2220 Cap.
401 2185 440 2213 11.
464 2181 494 2222 §-
518 2192 542 2213 r.
572 2190 603 2211 et
629 2182 660 2211 in
682 2182 787 2219 primis
818 2183 847 2220 J.
877 2183 917 2212 A.
948 2182 1090 2219 Ernesti,
1127 2191 1236 2219 opusc.

128 2243 235 2276 philol.
255 2249 285 2272 et
305 2241 380 2273 crit.
399 2249 430 2277 p.
448 2243 515 2279 408.
540 2248 607 2276 sqq.
