1544 2693
268 161 325 207 [12
479 159 659 205 HERM.
691 157 814 203 JOH.
848 156 1165 202 ROYAARDS

270 302 485 346 cumeum,
528 301 629 351 quot
657 300 894 350 quantaque
922 292 1046 336 nobis
1076 291 1159 336 sint
1186 291 1231 334 in
1258 291 1378 335 futu-

269 395 359 423 rum
389 377 626 422 Jubilaeum
659 376 724 422 ab.
745 375 866 419 huius
896 374 1030 421 Urbis
1062 374 1377 433 Magistratibus

269 471 309 507 et
337 462 483 506 incolis
514 459 804 519 exspectanda.

326 630 531 673 intactum
581 627 704 671 video
752 632 934 670 vestrum
996 623 1209 677 ordinem,
1266 622 1385 669 Viri

269 711 586 765 Clarissimi,
618 711 811 768 Collegae
837 707 1185 764 conjunctissimi!
1217 706 1386 752 Nullum

271 796 462 840 desidero
493 795 755 853 Collegarum
770 825 782 846 ‚
815 793 949 837 hocce
974 806 1083 836 auno
1107 798 1243 835 morte
1263 789 1386 835 nobis

271 887 472 939 ereptum.
505 901 558 910 —
593 878 749 922 Contra
770 877 892 930 vivit,
924 876 1113 920 restituta
1131 874 1386 928 valetudine,

268 963 627 1008 Bleulandus
674 969 847 1014 noster,
878 961 930 1004 de
970 960 1084 1004 cuius
1117 960 1201 1005 vita
1235 959 1388 1003 fuimus

272 1046 458 1099 solliciti,
490 1045 575 1089 suis
608 1046 676 1088 ille
711 1052 751 1088 et
779 1043 1027 1088 humanitati
1056 1042 1261 1088 redditus.
1322 1041 1390 1087 Sit

270 1130 399 1183 Viro,
441 1129 693 1173 Academiae
726 1136 897 1172 nostrae
930 1142 1111 1184 suaeque
1146 1125 1392 1185 disciplinae

276 1214 470 1267 Nestori,
512 1214 572 1256 uti
602 1220 642 1256 et
675 1211 921 1257 Oordtio
957 1218 1104 1254 nostro
1141 1210 1272 1254 dulcis
1310 1209 1392 1253 ad-

276 1299 448 1342 modum
487 1299 699 1342 senectus'!
732 1318 783 1328 --
830 1295 1020 1340 Vidimus
1044 1295 1128 1339 hoe
1157 1308 1268 1339 anno
1290 1294 1394 1338 Ac-

274 1384 400 1427 kers
415 1382 442 1425 d
453 1381 664 1441 yckium
711 1387 928 1433 nostrum,
981 1386 1155 1438 peraeto
1216 1378 1393 1432 itinere,

275 1466 463 1510 restituta
492 1463 724 1509 valetudine
755 1464 808 1507 ad
840 1478 918 1507 nos
948 1463 1205 1507 redeuntem.

337 1631 541 1677 Ordinem
556 1638 745 1675 nostrum
765 1631 986 1674 adauctum
1000 1630 1174 1674 vidimus
1185 1661 1197 1683 ‚
1219 1631 1394 1683 collato,

278 1715 410 1774 Regis
447 1714 733 1759 benevolentia
748 1746 758 1767 ‚
791 1714 1045 1758 professoris
1074 1701 1298 1758 anorarii
1335 1713 1396 1758 ti-

278 1800 364 1843 tulo
389 1799 432 1842 in
466 1798 609 1843 Virum
647 1797 943 1842 Doctissimum
959 1829 970 1849 ,
1001 1797 1038 1840 F
1052 1813 1074 1841 r
1090 1812 1112 1841 e
1127 1798 1155 1841 d
1171 1812 1194 1841 e
1207 1798 1257 1841 ri
1273 1812 1296 1841 c
1310 1813 1339 1841 u
1353 1813 1396 1842 m

276 1883 704 1942 sigismundum
735 1883 877 1926 Alex
895 1882 1079 1926 ander
1097 1914 1110 1935 ,
1151 1883 1311 1927 meritis
1352 1883 1397 1927 in

281 1966 476 2011 curandis
507 1966 704 2009 militibus
753 1965 1024 2024 conspicuum
1039 1998 1052 2020 ,
1097 1966 1163 2010 cui
1200 1966 1397 2025 adeptum

281 2051 454 2094 honoris
483 2050 644 2094 titulum
678 2049 946 2106 gratulamur.

341 2222 484 2275 Neque
521 2221 582 2264 Te
622 2220 686 2262 hic
726 2218 1028 2270 desideramus,
1090 2218 1197 2264 Clas.
1234 2221 1398 2264 Arni-
