1487 2703
340 195 619 242 BOTANICO
635 223 649 233 -
664 205 1049 254 OECONOMICA.
1213 233 1260 269 35

135 309 178 338 ut
213 302 321 341 etiam
361 306 400 344 in
426 309 664 362 Archangel‚
707 315 808 354 bono
849 320 982 360 effectu
1009 324 1248 377 institueret3

128 370 239 410 simul
273 374 375 413 hicce
403 378 638 430 observavit,
667 386 738 423 sub
766 388 838 426 hoc
874 392 1019 431 climate
1046 396 1186 436 Solana
1226 412 1246 438 e

125 440 332 482 seminibus
351 448 530 495 acquisita
559 453 699 499 optime
720 460 931 504 provenire.

170 511 337 554 Exhibet
368 517 745 564 Nieuwenhuis
780 529 956 569 Solamtm
976 534 1183 575 tuberosum
1222 552 1241 578 a

120 578 399 634 Romana,
449 590 576 640 Anglo
609 595 648 631 in
682 596 908 654 Mosa-oviam
940 604 1098 643 delatum
1129 619 1236 657 esse,

115 658 228 699 atque
252 656 351 693 addit
374 657 514 698 incolas
540 663 705 712 accipere
726 668 895 708 noluisse
924 672 1086 722 Solana,
1112 678 1237 716 dicen-¹

115 728 172 758 tes
206 723 425 775 diabolum,
461 730 623 771 fructum
666 735 769 774 illum
826 751 847 776 a
895 742 976 779 Deo
1017 746 1232 795 accepisse,

115 795 262 838 quando
288 805 442 842 questus
470 809 568 838 esset
602 802 663 840 ille
685 832 698 852 ‚
727 806 801 844 sibi
828 807 901 857 ipsi
928 819 1059 851 terram
1083 817 1226 856 nullum

110 859 274 900 fructum
323 867 553 913 praebuisse.

161 930 242 970 Sint
266 933 398 973 haecce
423 941 593 988 exemplo
622 947 856 991 superstitiae
875 978 886 996 ‚
915 952 976 989 cui
1005 956 1063 992 vel
1091 968 1224 1003 praeo-

104 999 323 1047 pinionibus
358 1019 510 1055 quoque
550 1013 735 1063 adscripta
769 1017 1014 1070 invenimus9
1055 1037 1149 1072 quae
1185 1028 1223 1066 in

103 1069 212 1109 dictis
247 1074 557 1122 Ephemeridibus
592 1084 815 1134 Trajectinis
849 1091 1059 1136 referuntur
1082 1098 1225 1137 scilicet

101 1140 140 1177 in
166 1141 332 1183 Ultrania
368 1148 573 1190 incolarum
600 1156 855 1197 conditionem
895 1164 1001 1202 valde
1029 1166 1222 1214 deploran-

97 1211 180 1249 dam
207 1224 290 1252 esse
314 1227 467 1266 propter
494 1220 665 1263 obortam
688 1227 754 1264 hac
788 1240 898 1269 causa
928 1243 1096 1273 annonae
1128 1239 1220 1276 cari-

97 1287 225 1322 tatem.
263 1284 332 1334 (1)

145 1351 319 1401 Denique
353 1365 395 1394 ut
436 1370 524 1398 mox
557 1361 776 1404 Solanorum
806 1369 995 1410 historiam
1015 1403 1027 1420 ‚
1066 1389 1142 1424 quo
1168 1381 1214 1418 ad

92 1422 277 1471 patriam,
314 1437 512 1476 eruamus,
551 1435 698 1472 accedat
738 1448 864 1477 eorum
902 1445 1083 1483 culturam
1103 1475 1116 1494 ‚
1156 1461 1214 1487 se-

91 1491 253 1530 cundum
289 1492 507 1536 Raffle's
533 1511 599 1548 per
628 1506 673 1550 58
712 1505 855 1556 (nunc)
882 1512 1035 1551 ultimos
1063 1517 1211 1567 elapsos

89 1571 235 1609 annos,
271 1564 310 1601 in
332 1567 534 1616 omnibus,
578 1583 674 1618 quos
708 1578 892 1626 mancipio
932 1581 1123 1633 Europaei
1156 1597 1210 1627 te-

88 1618 203 1678 nent,
232 1633 327 1673 locis
356 1636 603 1678 introductam
632 1654 728 1683 esse.
755 1668 812 1678 ·—
835 1651 1011 1691 Attamen
1039 1657 1088 1694 ob
1120 1660 1209 1698 cali-

88 1701 227 1741 diorem
255 1708 527 1755 atmospheram
556 1710 594 1748 iu
623 1712 704 1761 ipsa
739 1716 919 1764 Hispania
947 1731 1059 1772 atque
1097 1728 1201 1768 India

86 1769 266 1811 Orientali
291 1788 403 1824 parva
432 1787 574 1819 tantum
599 1785 734 1832 copia,
764 1787 824 1825 hic
851 1799 886 1827 et
913 1792 987 1831 illic
1026 1798 1203 1839 coluntur

83 1853 122 1880 v.
151 1850 186 1882 α
215 1843 254 1882 in
281 1845 392 1895 Sina3
423 1851 552 1899 majori
582 1864 670 1891 vero
696 1856 734 1893 in
763 1859 978 1906 regionibus
1005 1865 1198 1910 Americae
1238 1880 1241 1882 ’

80 1915 307 1961 temperatis.
361 1917 441 1955 Imo
486 1921 698 1962 docuerunt
725 1929 1044 1983 peregrinatores‚
1095 1941 1200 1979 Sola-

81 1993 168 2021 num
206 1986 411 2026 tuberosum
451 1989 501 2028 L.
543 1992 582 2029 in
621 2005 719 2033 nova
751 1998 951 2047 Zelandia‚
989 2005 1197 2050 abundante

1132 2092 1196 2117 COb*

119 2161 171 2199 (ι)
195 2162 247 2191 Cf.
277 2164 430 2193 Farmer’s
480 2169 672 2206 a'ifagazinffi
712 2174 786 2202 Vol.
822 2177 884 2206 XX.
922 2186 990 2214 pag·
1027 2191 1094 2219 449.
1124 2187 1194 2218 Oet,-

78 2218 310 2254 Neun'gk.·1822
337 2226 381 2250 n0.
411 2233 460 2259 93·
491 2232 558 2260 pag·
589 2234 656 2261 737·
687 2243 722 2250 —-
759 2219 1076 2276 Nieu'wenhuis,
1106 2242 1192 2272 Aun-

78 2274 220 2311 bangsal,
242 2277 263 2305 1.
287 2286 313 2306 c.
333 2289 374 2301 —
396 2281 591 2312 Utrechtsche
612 2286 749 2313 Conrant
765 2307 775 2322 ‚
795 2290 815 2317 1.
839 2298 866 2319 c.

592 2341 679 2380 ΟΞ
