1487 2703
200 213 248 250 50
420 197 1080 240 COMMENTATIO

200 310 321 360 spatio
361 317 479 346 tantas
506 319 563 345 res
601 318 737 355 easque
773 307 1002 347 difficillimas
1028 311 1073 348 ad
1097 309 1206 349 finem
1228 323 1312 359 per·

199 378 368 427 duxeri13
421 379 471 417 ita
515 378 664 425 quidem
698 387 739 415 ut
774 378 973 426 imperator
1014 379 1142 427 Nero,
1197 391 1313 428 quum

201 452 271 488 ista
317 448 589 497 comperisset,
630 448 866 486 vehementer
901 449 1139 497 perturbatus
1176 449 1317 498 fuerit,

201 519 419 567 miseritque
456 519 494 555 in
531 517 726 556 Galilaeam
777 517 1078 566 Vespasianum,
1130 521 1316 569 egregium

202 590 289 627 bem
332 590 491 635 ducem,
546 599 704 636 eumque
751 599 771 626 a
818 589 944 636 pueris
989 590 1101 628 armis
1146 590 1322 630 exercita·

207 669 286 698 tum
315 660 400 709 (1).

696 780 732 826 §-
791 780 830 816 8.

332 910 488 961 Josepln‘
516 920 574 946 res
596 917 722 957 gestae
750 916 883 946 contra
915 907 1202 960 Vespasianum.

256 1035 432 1074 Vidimus
480 1034 725 1083 Sepphoritas
763 1044 784 1071 a
820 1033 951 1072 Cestio
988 1033 1102 1073 Gallo
1149 1033 1327 1072 auxilium

206 1106 383 1155 petivisse
403 1113 536 1144 contra
555 1104 762 1155 Josephutn
794 1103 893 1153 (2),
921 1104 1068 1143 huncce
1093 1111 1216 1142 autem
1246 1116 1331 1154 par-

207 1178 272 1215 tim
316 1188 415 1215 seras
451 1175 584 1224 partim
625 1174 869 1223 paucissimas
905 1173 1033 1222 copias
1073 1174 1118 1212 ad
1161 1185 1226 1211 eos
1260 1173 1330 1211 mi-

208 1249 330 1294 sisse,
370 1247 421 1284 ita
452 1254 493 1283 ut
525 1245 717 1295 Josephus
751 1243 873 1292 primo
913 1243 1064 1292 quidem
1098 1244 1329 1283 retrocedere

208 1318 402 1364 debuerit,
455 1316 541 1354 dein
580 1325 701 1352 tamen
740 1313 934 1352 victoriam
977 1313 1238 1362 reportaverit.
1274 1334 1330 1346 —-

205 1389 286 1439 Jam
325 1396 448 1425 autem
485 1384 730 1434 Sepphoritae
759 1396 779 1422 a
814 1383 1049 1431 Vespasiano
1089 1382 1127 1420 in
1157 1383 1332 1422 Palaesti-

209 1470 293 1497 nam
322 1458 538 1496 adveniente
567 1454 747 1494 auxilium
775 1452 1016 1502 petiverunt,
1042 1451 1261 1490 affirmantes
1291 1464 1332 1490 se

213 1531 306 1567 velle
328 1528 367 1566 in
389 1527 462 1565 fide
489 1526 746 1564 Romanorum
773 1534 932 1562 manere.
961 1523 1028 1561 Ille
1048 1533 1137 1571 ergo
1166 1522 1212 1560 iis
1233 1522 1336 1562 misit

214 1600 312 1638 mille
343 1598 488 1646 equites
525 1605 562 1634 et
590 1606 656 1633 sex
695 1594 808 1633 millia
836 1594 1034 1643 peditum,
1059 1594 1154 1631 duce
1183 1593 1333 1632 Placido

215 1672 391 1716 tribum,
421 1669 487 1716 qui
507 1679 592 1706 cum
617 1667 718 1705 hisce
743 1664 926 1703 militibus
949 1664 1163 1713 Sepphorin
1187 1657 1335 1713 profec-

217 1751 278 1779 tus
319 1749 390 1779 est.
438 1739 658 1789 josephus,
701 1738 771 1774 hoc
806 1735 963 1782 audit0,
1000 1743 1104 1773 metu
1130 1745 1334 1784 percussus

219 1821 304 1858 est,
341 1809 552 1859 praesertim
584 1808 670 1855 quia
702 1807 782 1855 ipse
817 1807 910 1844 hanc
940 1805 1069 1843 urbem
1100 1805 1336 1856 muniverat,

220 1894 313 1931 quae
339 1893 396 1919 res
422 1879 600 1919 Romanis
625 1877 875 1926 maximopere
896 1875 1056 1924 profuit.
1076 1892 1079 1894 >
1110 1876 1185 1915 Sed
1210 1889 1340 1926 quam-

220 1954 276 1991 vis
298 1951 473 1990 omnibus
510 1949 631 1987 modis
664 1945 860 1985 tentaverit
886 1956 964 1984 eam
991 1956 1121 1984 rursus
1154 1946 1192 1984 in
1229 1958 1336 1986 suam

221 2030 442 2072 potestatem
478 2019 668 2067 redigere,
714 2027 859 2065 semper
902 2016 992 2053 haec
1033 2015 1227 2054 conamina
1254 2015 1337 2055 fue-

222 2100 310 2130 runt
352 2102 443 2129 vana
486 2099 523 2128 et
570 2088 682 2126 modo
729 2087 985 2125 Romanorum
1034 2085 1177 2127 animos
1222 2087 1339 2136 magis

1263 2168 1339 2196 ma·

263 2239 322 2276 (ι)
344 2238 391 2265 Cf.
413 2239 482 2275 Jos.
505 2237 584 2265 Bell.
602 2235 674 2273 Jud.
696 2235 747 2262 111.
774 2244 798 2263 ι.
821 2231 849 2271 §.
874 2243 900 2262 1.

264 2295 316 2331 (τι)
340 2295 389 2323 Cf.
414 2292 445 2331 ξ.
466 2303 495 2329 7.
519 2301 585 2328 pag.
606 2300 655 2329 47.
