1487 2703
404 202 1223 252 LITERARIA.13

119 332 362 378 cognosceret
395 333 462 371 per
485 316 687 359 triennium
715 321 832 353 semet
851 310 939 350 huic
971 305 1224 346 exercitationi

120 397 316 450 subjecit,
355 393 448 432 Bani
479 388 628 430 vivendi
654 396 771 436 genus
809 388 959 421 secutus
993 385 1076 424 est,
1116 374 1227 413 amic·

119 478 202 508 tum
238 466 313 505 sibi
338 475 383 504 ex
410 462 582 501 arborum
610 456 748 496 cortice
781 462 945 503 parans,
969 446 1229 494 alimentisque

124 546 264 589 sponte
286 549 306 575 e
328 544 423 574 terra
447 528 699 571 crescentibus
724 534 880 564 vescens
904 519 1118 567 crebrisque
1140 527 1233 555 noc·

125 619 170 650 tu
207 617 244 647 et
278 603 438 646 interdiu
472 599 614 640 balneis
641 595 789 645 frigidis
813 602 937 632 utens.
991 589 1065 628 Sed
1087 586 1233 626 tandem

127 681 169 720 in
203 678 332 717 urbem
365 673 502 721 rediit,
529 670 595 709 ubi
618 675 816 717 postquam
855 670 892 700 et
927 659 1069 697 tertiam
1100 663 1238 695 sectam

125 749 406 791 Pharisaeorum
435 743 531 780 bene
560 743 747 778 scrutatus
769 740 893 778 esset,
918 739 1038 767 annos
1065 725 1156 765 XXI
1176 735 1241 762 na·

131 828 219 865 tus,
245 813 451 855 secundum
484 811 579 848 hanc
605 805 718 845 vitam
743 812 845 840 suam
878 797 1072 836 instituere
1089 791 1241 840 coepit,

133 885 345 927 existimans
379 892 456 920 eam
485 889 571 917 cum
597 875 676 914 suis
708 868 951 921 opinionibus
980 863 1243 914 cogitandique

136 958 278 998 ratione
309 951 475 992 omnium
508 946 664 986 maxime
691 939 892 981 convenire
917 935 1006 986 (ι).

626 1084 664 1132 §.
717 1096 755 1123 2.

238 1233 249 1261 ἶ
269 1230 425 1285 Josephi
447 1228 529 1268 vita
555 1235 668 1274 usquc
692 1221 749 1261 ad
767 1228 908 1269 tempus
932 1230 1001 1268 quo
1028 1216 1121 1255 Dux

481 1294 655 1335 Galilcae
676 1298 828 1330 creatus
850 1296 918 1327 est.

141 1451 152 1461 ”
194 1447 434 1490 Pervenimus
465 1443 511 1482 ad
541 1438 702 1490 spatium
734 1411 930 1484 quinque
946 1438 1125 1469 annorum
1147 1453 1159 1473 ,
1211 1423 1257 1461 de

149 1533 226 1570 quo
262 1517 355 1558 nihil
391 1512 550 1554 indicare
587 1517 818 1560 possumus‚
848 1502 934 1551 quia
963 1497 1151 1550 Josephus
1169 1494 1258 1543 ipse

151 1590 246 1630 illud
276 1586 425 1627 silentio
458 1579 687 1634 praeterivit.
749 1575 836 1615 Sine
871 1571 988 1611 dubio
1022 1577 1101 1606 tum
1143 1563 1259 1611 magis

151 1659 345 1720 magisque
372 1656 411 1694 in
435 1652 670 1693 scientiarum
702 1647 989 1695 linguarumque
1018 1637 1180 1676 studium
1205 1634 1261 1672 in·

153 1727 288 1768 cubuit
323 1734 362 1765 et
393 1725 440 1763 ad
470 1732 580 1760 omne
605 1717 708 1768 quod
739 1714 937 1764 pulchrum
963 1710 1180 1754 bonumque
1206 1711 1264 1741 est

155 1811 197 1840 se
231 1795 400 1838 exercuit
427 1803 549 1842 usque
573 1791 660 1829 dum
698 1796 795 1830 anno
832 1781 962 1822 aetatis
998 1777 1160 1817 XXVIto.
1193 1773 1266 1822 ipsi

152 1867 312 1917 contigit
341 1865 441 1904 adire
466 1863 624 1902 Romam
662 1859 782 1907 (anno
804 1850 973 1894 1.,Χ1Πῑιο
1001 1862 1042 1900 p.
1070 1848 1121 1887 C.
1148 1844 1214 1893 n.)

204 1939 314 1979 Felix
349 1934 472 1981 enim,
499 1941 589 1970 tunc
618 1926 798 1977 temporis
814 1923 953 1975 Judeae
973 1925 1193 1969 proculator
1216 1914 1266 1952 ob

157 2011 277 2051 levem
312 2008 486 2056 culpam,
522 1999 731 2041 sacerdotes
767 1994 976 2044 quosdam,
1013 1987 1182 2039 Josepho
1217 1984 1274 2022 fa-

161 2079 320 2119 miliares
345 2085 381 2114 et
406 2073 570 2119 amicos,
596 2070 754 2108 Romam
789 2064 962 2108 miserat,
990 2070 1135 2098 causam
1166 2065 1270 2093 suam

163 2150 263 2201 apud
295 2149 558 2197 Imperatorem
587 2140 778 2180 Neronem
817 2134 998 2173 dicturos.
1052 2129 1178 2178 Quum
1213 2134 1278 2162 au-

1199 2205 1270 2234 tem

210 2303 262 2340 (1)
283 2301 332 2330 ef.
354 2301 389 2329 ad
405 2301 480 2328 hauc
497 2290 548 2334 §.,
570 2295 654 2323 Flav·
678 2289 745 2330 Jos.
767 2289 798 2319 in
815 2288 894 2324 vita,
916 2287 944 2324 ς.
971 2291 1003 2320 1,
1026 2292 1052 2314 α.
