1544 2693
519 191 898 238 ORATIO.
1209 198 1261 242 17

157 322 348 382 ligionem
365 355 378 378 ‚
411 324 447 368 ei
475 325 789 380 submitterent,
819 327 1047 374 dummodo
1077 330 1259 377 consiliis

154 407 336 467 politicis
355 408 584 454 satisfieret.
616 410 773 454 Contra
791 411 1007 458 Civitatem
1025 413 1258 469 habebant,

155 491 194 536 vi
215 493 363 537 morali
386 490 613 539 suffultam.
652 495 770 553 Quae
792 496 962 555 politica
987 498 1131 556 jussit,
1155 498 1260 543 haec

153 575 211 621 illi
237 576 293 620 ad
324 576 534 635 religionis
575 591 674 622 suae
707 592 877 624 examen
895 612 907 633 ‚
946 582 1055 625 velut
1083 582 1137 626 ad
1168 582 1260 641 Ly·-

153 659 267 706 dium
297 662 503 721 lapidem,
533 661 765 719 exigebant.
824 664 968 720 Neque
999 665 1194 724 pietatem
1231 682 1257 710 a

153 745 279 790 rebus
308 745 486 805 politicis
518 744 816 803 sejungendam
849 745 1091 804 habebant3
1122 763 1257 806 neque

152 829 237 873 sive
268 827 587 887 Rempublicam
621 843 711 874 sese
740 830 849 875 tueri
875 846 1029 891 posse,
1072 832 1157 877 sive
1183 833 1260 892 ip-

150 927 240 957 sam
264 913 595 957 Protestantismi
622 920 662 957 et
685 913 895 972 religionis
929 916 1036 961 adeo
1067 931 1256 972 causam,

151 1011 277 1054 quam
307 1010 430 1040 curae
464 996 678 1041 habebant
706 998 931 1056 cordique,
966 1000 1045 1045 illis
1079 1016 1258 1060 persua-

153 1096 243 1125 sum
278 1088 391 1132 erat,
426 1079 506 1123 nisi
539 1094 629 1124 eam
662 1081 931 1127 conciliarent
970 1084 1261 1130 auctoritatemv

151 1164 208 1209 illi
243 1164 480 1218 Ecclesiae,
518 1163 632 1208 cuius
662 1165 940 1211 fundamentis
965 1167 1057 1226 ipsa
1091 1168 1259 1213 niteba-

151 1258 220 1294 tur
256 1249 524 1309 Respublica.
608 1249 772 1295 Haecce
816 1250 937 1308 jussit
978 1252 1165 1307 animus,
1213 1251 1258 1298 in

149 1335 284 1379 Deum
308 1334 425 1393 pius,
461 1347 546 1391 quo
575 1333 789 1378 doctrinae
816 1334 1076 1380 Christianae
1105 1336 1258 1381 inhae-

150 1419 323 1471 rebant,
369 1419 523 1475 quique
563 1434 586 1461 a
633 1417 758 1461 nimia
801 1419 992 1464 libertate
1026 1420 1255 1479 periculum

151 1501 362 1555 metuebat
385 1501 575 1559 religioni
600 1509 639 1545 et
666 1501 847 1556 civitati,
889 1503 1018 1547 suasit
1042 1518 1141 1548 vero
1168 1505 1259 1548 Po-

150 1585 273 1629 litica.
335 1585 451 1628 Illam
479 1585 539 1628 ita
567 1584 845 1642 significamus
881 1586 1005 1630 animi
1033 1587 1255 1646 pietatem,

154 1684 261 1728 quae
302 1675 435 1712 aetate
475 1668 543 1712 illa
589 1668 781 1726 religiosa
834 1684 883 1713 eo
931 1670 1046 1714 duxit
1089 1671 1258 1716 Patriae

152 1755 383 1805 Proceres,
437 1759 482 1795 ut
537 1750 672 1796 Deum
719 1760 931 1810 tamquam
983 1755 1258 1814 Reipublicae

152 1843 352 1881 statorem
383 1850 622 1893 supremum
659 1843 970 1890 revererentur,
1012 1845 1058 1882 ut
1087 1837 1261 1897 religio-
1318 1830 1319 1833 Ἴ

151 1921 216 1964 nis
260 1919 490 1963 libertatem
509 1950 522 1971 ,
583 1932 744 1962 summo
796 1919 932 1978 pretio
985 1922 1260 1979 acquisitam,

154 2003 299 2056 omni,
338 2017 419 2059 qua
449 1999 658 2055 valerent,
690 2002 729 2046 vi
758 2010 982 2047 tuerentur.

210 2088 356 2132 Testes
371 2086 494 2130 nobis
514 2086 594 2130 sint
619 2086 864 2140 Orationes,
889 2088 933 2131 in
948 2087 1137 2133 Comitiis
1155 2089 1263 2134 Rei-

153 2171 342 2230 publicae
373 2170 565 2225 habitae3
606 2177 731 2214 testes
780 2186 923 2215 eorum
964 2149 1178 2230 Epistolae
1221 2181 1262 2219 et

151 2255 324 2308 Edicta,
354 2255 397 2298 in
430 2255 580 2311 quibus
611 2255 781 2312 singulis
812 2255 904 2314 pius
933 2254 999 2299 ille
1028 2256 1134 2314 viget
1165 2257 1261 2301 ani-

1061 2344 1089 2382 2
