1487 2703
255 256 326 284 110
501 244 1166 288 COMMENTATIO

250 353 470 400 ritatemque
502 354 535 390 ei
555 353 610 390 ⁴in
648 354 772 391 multis
802 365 881 392 non
911 367 1059 403 parvam
1097 358 1366 410 adscribimus,

252 423 392 471 quippe
427 422 489 460 cui
520 424 819 472 opportunitates
854 424 1006 464 fuerunt
1034 427 1148 466 multa
1179 429 1273 468 bene
1308 431 1366 469 in-

250 492 446 541 quirendi,
485 494 673 540 multaque
709 502 807 532 recte
844 495 997 534 sciendi.
1050 497 1252 538 Videamus
1286 501 1361 550 jam

245 573 334 601 num
370 574 409 599 re
445 574 528 600 vera
553 562 603 601 ita
629 563 744 611 egerit
766 563 816 601 uti
841 576 923 602 eum
953 565 1071 614 egisse
1092 579 1112 604 a
1137 567 1255 616 priori
1279 580 1362 608 sus-

243 631 360 680 picari
390 643 461 669 nos
500 641 674 681 oportet,
703 635 761 671 vel
791 635 920 681 potius
955 635 1188 684 inquiramus
1204 638 1250 676 *in
1279 639 1359 688 ejus

244 702 498 741 auctoritatem
519 731 532 751 ‚
555 712 591 740 et
624 704 773 751 quidem
803 704 852 742 ita
887 715 928 743 ut
961 706 1083 754 primo
1118 707 1358 758 indagemus:

241 784 423 822 quaenam
470 772 625 824 Joseplzi
677 777 901 813 auctoritati
952 777 1097 815 obstare
1143 778 1356 819 dicantur?

242 841 350 880 dein:
378 843 472 892 quid
493 843 538 881 de
563 845 658 882 hisce
687 846 738 882 sit
755 845 1112 895 pronuntiandam?

763 989 1036 1008 w

524 1112 1078 1158 SEvCTIOL

304 1285 515 1322 QUAENAM
542 1286 671 1327 HUJus
699 1289 951 1318 sctum-oms
979 1289 1289 1320 Aucwm'mn

551 1356 740 1386 ons-mne
777 1348 1036 1389 meam-tm?

724 1493 761 1540 ἕ.
820 1505 855 1531 ι.

334 1627 510 1665 Κεεεωίο,
543 1628 767 1678 scriptorum
795 1628 1055 1667 nonnullorum
1092 1630 1160 1680 qui
1191 1627 1237 1667 da

433 1695 588 1748 Josephi
616 1699 845 1737 auctoritate
863 1698 1149 1738 dubitaverunt.

282 1823 450 1885 Patrum
479 1846 617 1895 scripta
646 1847 886 1895 inspicientes
911 1860 1026 1897 pauca
1059 1850 1171 1888 modo
1205 1848 1347 1889 inveni-

233 1927 315 1953 mus
341 1917 423 1953 loca
450 1917 587 1964 quibus
620 1919 814 1956 ostendant
841 1919 894 1956 illi
924 1930 966 1958 se
1001 1920 1045 1957 de
1074 1919 1231 1969 Josephi
1257 1932 1343 1959 auc·

232 1987 380 2024 toritate
408 1987 588 2025 dubitare.
642 1988 782 2026 Omnes
812 1989 890 2027 fere
919 1990 1090 2028 laudibus
1115 2001 1198 2028 eum
1227 1992 1346 2029 extol·

229 2058 338 2105 lunt3
385 2055 460 2094 imo
495 2068 615 2106 usque
649 2059 695 2096 ad
726 2059 928 2097 litterarum
962 2070 1167 2098 renatarum
1192 2069 1341 2110 tempus

230 2126 355 2164 nullus
386 2125 466 2164 fere
497 2128 659 2176 scriptor
697 2139 781 2166 eum
826 2128 1009 2178 vituperat
1049 2131 1134 2179 (ι).
1191 2131 1252 2170 Ex
1294 2131 1338 2169 iis

1277 2212 1341 2239 au·

268 2280 319 2318 (1)
340 2281 408 2309 Non
434 2280 588 2315 loquimur
612 2281 661 2309 hic
693 2282 730 2309 de
755 2281 973 2318 scriptoribus,
1010 2284 1148 2321 Josepho
1177 2285 1273 2312 adhuc
1297 2284 1342 2313 vi-

227 2345 318 2366 vente
346 2338 549 2373 exstantibus,
572 2337 625 2374 qui
653 2346 721 2367 eum
747 2339 1018 2375 vituperaverunt,
1047 2340 1110 2377 uti,
1128 2335 1165 2382 vv.
1187 2333 1217 2376 ε’.
1239 2341 1344 2378 Justus

626 2393 632 2399 ”
1281 2398 1343 2427 his·
