1487 2703
349 178 933 222 THEOLOGICA.
1136 196 1204 234 301

160 287 301 326 Poterit
337 289 395 326 lex
433 290 698 336 ecclesiastica,
741 305 760 330 a
800 293 902 341 Rege
946 292 1104 340 sancita,
1158 295 1207 333 ita

100 356 294 405 abrogari,
321 367 363 396 ut
394 359 500 397 simul
526 361 749 400 Catechismi
773 363 925 401 Palatini
949 363 1033 401 usus
1054 365 1093 402 in
1115 375 1204 402 con-

98 425 271 466 ventibus
305 427 414 467 sacris
446 431 712 477 interdicatur,
750 434 1027 480 periculumque
1061 433 1121 473 fiat
1164 435 1207 471 li·

98 495 187 534 belli
218 508 334 546 aeque
367 510 414 537 ex
449 499 613 539 Ecclefia
651 501 864 541 Reformatzl
902 503 938 540 in
971 505 1097 552 Belgio
1141 506 1205 542 cii—

95 564 238 612 ciendi,
281 577 399 616 atque
434 569 497 607 ille
532 582 552 607 e
585 569 746 618 scholis,
787 573 947 620 primum
984 573 1207 622 reipublicae

96 634 276 683 Batavae.,
308 637 438 676 deinde
470 641 573 688 regni
608 640 774 689 Belgici,
802 641 954 690 publica
987 643 1205 682 auctoritate

96 703 298 754 institutis,
325 707 498 755 expulsus
536 716 606 746 est.
662 709 802 747 Poterit
836 711 941 749 etiam
978 712 1036 750 lex
1066 713 1115 751 ita
1145 724 1210 751 an-

96 773 231 821 tiquari
254 783 291 813 et
317 775 545 814 obsolescere
562 805 574 824 ,
602 787 642 815 ut
672 778 873 818 Homiletis
911 789 1033 820 tamen
1065 792 1205 822 maneat

96 840 308 892 integrum,
335 854 494 884 veterem
520 846 557 883 in
581 848 756 887 tradenda
785 850 954 889 doctrina
991 851 1206 892 Christiana

92 912 223 951 ducem
250 913 355 962 sequi
381 917 440 954 vel
470 917 694 965 relinquere.
749 922 772 958 ί

123 982 285 1021 ·Poterit
323 985 537 1024 Catechefis
580 989 769 1033 Palatina,
821 991 977 1040 Synodo
1024 1001 1203 1040 auctore,

94 1051 274 1099 probante
314 1055 443 1103 Rege,
470 1057 581 1095 variis
615 1059 735 1097 modis
767 1061 890 1108 augeri
908 1090 920 1105 ,
950 1062 1090 1109 minui,
1120 1075 1198 1101 mu·

95 1121 162 1159 tari
179 1134 197 1161 τ
228 1124 366 1170 poterit
402 1125 507 1164 etiam
537 1127 574 1164 in
606 1129 684 1166 eius
717 1130 840 1167 locum
876 1142 999 1170 novus
1037 1132 1203 1173 substitui

93 1190 254 1231 libellus.
307 1194 449 1232 Poterit
483 1197 642 1244 denique
678 1199 891 1238 huiusmodi
927 1200 1100 1248 libellus,
1129 1204 1203 1242 five

95 1269 202 1299 vetus
234 1261 296 1301 ille
324 1263 562 1312 immutatus,
591 1267 664 1305 five
690 1269 841 1316 prorsus
875 1281 1023 1318 novus,
1053 1273 1202 1312 obtrudi

95 1330 323 1380 Homiletis,
373 1335 585 1374 necessitate
622 1339 823 1386 impolita,
865 1340 964 1379 hunc
997 1343 1126 1382 ducem
1162 1343 1200 1382 in

90 1404 309 1450 exponenda
354 1405 524 1445 doctrina
567 1408 781 1448 Christiana
819 1410 1021 1458 sequendi:
1061 1413 1199 1460 poterit

91 1471 198 1509 etiam
222 1473 327 1521 optio
351 1474 396 1512 iis
426 1476 533 1522 dari,
563 1485 647 1513 utro
673 1479 788 1516 velint
816 1480 883 1519 uti.

138 1541 191 1579 Et
215 1543 303 1580 aliae
331 1544 477 1591 quidem
509 1546 667 1585 rationes
704 1548 785 1586 aliis
810 1548 934 1588 forent
958 1552 1072 1599 magis
1100 1553 1196 1600 peri-

88 1611 233 1650 culosae
265 1625 305 1650 ac
340 1615 486 1653 noxiae.
551 1617 655 1656 Aliae
688 1618 755 1656 alia
777 1620 950 1658 allaturae
979 1620 1098 1660 essent
1132 1635 1198 1671 pe·

89 1680 204 1719 ricula
233 1692 270 1720 et
303 1684 444 1723 damna.
502 1686 600 1731 Sed,
630 1688 879 1736 qualicunque
904 1691 1049 1729 tandem
1083 1693 1195 1730 modo

90 1758 253 1790 tentetur
272 1754 419 1791 'veteris
448 1754 675 1795 Catechismi
713 1758 944 1806 antiquatio,
972 1760 1101 1809 ingens
1138 1761 1194 1801 in-

85 1821 161 1868 de,
213 1831 344 1859 nostro
391 1832 584 1873 tempore,
637 1826 809 1866 damnum
850 1831 1083 1869 metuendum
1119 1831 1193 1870 esse

90 1900 187 1927 reor.

138 1959 286 1998 Etenim
308 1961 346 2000 in
374 1964 432 2001 tali
456 1966 635 2004 Ecclesiae
651 1969 815 2018 Belgicae
835 1972 1074 2020 conditione,
1102 1986 1191 2021 qua—

88 2028 350 2079 lemidescripfi
374 2034 432 2079 ἐς.
465 2048 510 2082 2,
540 2048 575 2083 3.
605 2037 666 2074 vix
681 2038 814 2078 dubito
832 2068 844 2087 ,
871 2042 987 2089 quin,
1015 2043 1189 2093 abrogatfi

87 2097 277 2137 catechesi
305 2101 493 2151 Palatina,
537 2106 703 2156 plerique
729 2108 845 2158 socii,
885 2112 923 2148 in
950 2112 1007 2150 his
1035 2111 1189 2152 maxime

88 2167 269 2217 relig-ioli,
296 2172 529 2211 vehementer
555 2174 625 2214 fint
651 2178 840 2227 questuri,
870 2182 913 2219 de
949 2182 1082 2221 iniuria
1120 2183 1186 2221 sibi

87 2233 216 2283 ἰΠατᾶ,
243 2238 288 2276 de
317 2243 492 2289 corrupta
519 2255 585 2291 per
613 2247 796 2296 neologos
832 2250 1004 2299 eccunla‚
1034 2254 1078 2290 de
1107 2267 1186 2292 rnu-

1112 2329 1185 2364 tat&
