1544 2693
530 167 914 218 ORATIO.
1223 173 1278 216 37

155 314 282 358 que,
316 300 463 344 eodem
493 301 564 344 illo
596 309 810 361 tempore,
840 319 924 361 quo
954 305 998 347 in
1027 305 1274 351 stabilienda

154 399 228 428 sua
266 384 506 444 Republica
542 386 843 441 versabantur,
874 387 934 432 uti
968 397 1008 433 et
1038 390 1272 447 insequenti

152 468 314 522 seculo,
350 482 444 512 cum
465 484 555 513 sese
578 469 787 527 religionis
812 471 994 529 purioris
1016 488 1137 531 agere
1167 488 1271 518 cau-

150 566 240 596 sam
274 553 570 598 existimarent.
629 554 751 599 Unos
784 555 1003 614 cogitetis,
1035 559 1086 601 A.
1105 558 1180 612 Α.,
1213 584 1270 593 -—-

147 650 200 680 ne
225 637 372 695 longus
398 637 443 680 in
467 637 533 681 his
554 637 632 681 sim
650 665 704 672 --
729 638 1070 693 Valdenses,
1097 642 1141 685 in
1168 643 1271 688 Val-

146 719 256 765 libus
290 720 614 765 Pedemontanis
644 735 668 763 a
704 720 929 765 Sabaudiis
973 724 1084 767 mala
1124 726 1268 783 perfe-

146 811 284 848 rentes
312 814 397 854 (24).
461 804 624 863 Quibus
651 805 803 849 auditis
832 814 1039 852 nostrates
1066 808 1266 867 Legatum

144 902 287 942 suum,
316 887 448 932 virum
483 889 637 946 pietate
672 889 944 948 conspicuum
987 904 1037 934 ac
1077 892 1268 950 pruden-

142 970 225 1025 tia,
258 972 552 1026 Omerenium,
587 973 817 1019 Taurinum
856 974 1048 1029 mittunt,
1084 977 1264 1035 publicis

141 1054 271 1099 literis
298 1055 565 1114 profitentes,
606 1071 650 1101 se
695 1057 879 1101 omnium
918 1059 1262 1104 Reformatorum

141 1153 310 1183 causam
350 1155 488 1199 agere.
568 1141 669 1186 Adit
703 1143 770 1187 isse
808 1142 1046 1202 Principem
1084 1144 1262 1188 Pontifi-

140 1224 271 1278 cium,
319 1232 392 1277 ut,
435 1239 560 1282 quam
598 1225 770 1270 heroica
799 1226 1043 1271 fortitudine
1069 1241 1093 1271 a
1119 1244 1163 1272 se
1191 1230 1261 1272 su-

138 1314 362 1365 gaverant‚
395 1307 738 1364 Inquisitionem‚
773 1310 827 1353 ab
852 1309 902 1353 iis
928 1311 1026 1354 item
1055 1318 1258 1357 avertant.

137 1391 268 1436 Simul
287 1406 386 1436 vero
410 1399 572 1449 gentem
597 1393 778 1437 excitant
805 1393 1076 1451 Magistratus
1101 1397 1154 1439 ad
1183 1412 1258 1441 so-

135 1476 278 1527 lennes
310 1489 481 1533 preces,
509 1483 554 1518 ut
580 1491 666 1520 non
695 1491 792 1521 suae
822 1484 1009 1530 tantum,
1055 1480 1128 1522 sed
1157 1480 1254 1526 item

133 1558 399 1602 Valdensium
427 1573 594 1602 causam
624 1560 717 1604 Deo
742 1561 1061 1616 commendent,
1090 1563 1255 1621 ipsique

132 1649 340 1687 nostrates
367 1642 697 1687 misericordiam
737 1659 835 1701 erga
868 1645 1111 1709 Vaidensesffl
1131 1662 1253 1692 exer-

133 1734 266 1771 ceant.
320 1728 408 1771 Nec
445 1728 614 1773 frustra.
680 1730 712 1772 A
761 1730 1008 1774 Pastoribus
1049 1732 1252 1778 admoniti

132 1820 276 1856 coetus
314 1827 400 1856 uno
436 1813 665 1870 eodemque
703 1813 770 1857 die
811 1815 1032 1860 conferunt
1070 1817 1249 1862 ducenta

130 1897 256 1949 millia
276 1898 552 1942 florenorum!
578 1926 629 1934 ——-
681 1899 770 1941 Ubi
802 1916 959 1942 rerum
982 1905 1249 1950 testimonia

129 1986 320 2034 adsunt,
351 1999 436 2024 non
469 1999 582 2038 opus
612 1991 678 2024 esc
710 1983 889 2024 verbis!

572 2164 813 2173 mea-..—
