1487 2703
195 230 244 267 44
416 215 1079 256 COMMENTATIO

192 325 403 375 Respondit
439 324 627 374 Josephus
667 324 761 362 scire
795 324 887 363 illud
929 333 1102 373 oportere
1138 325 1188 364 L.
1229 327 1302 366 Ca-

190 398 328 446 pellum
365 405 400 433 et
425 396 579 442 socios,
610 394 749 443 quibus
789 406 866 433 eam
895 396 1109 434 servandam
1139 396 1311 435 dederat.¹

188 467 313 505 Multa
361 466 481 504 adhuc
522 465 666 514 rogavit
699 467 837 515 Jews,
892 464 978 513 quia
1008 473 1124 503 terere
1154 474 1304 515 tempus

186 535 360 574 studebat
400 537 485 574 dum
524 534 711 584 Johannes
761 546 846 573 cum
893 534 1013 584 copiis
1063 536 1299 584 advenisset3

186 606 351 654 populus
398 614 518 642 autem
564 605 644 653 ipse
687 605 760 654 jam
809 605 946 642 sensim
997 604 1212 652 sensimque
1257 605 1303 643 ad

185 674 405 713 seditionem
438 674 687 722 excitabatur,
715 686 792 713 non
816 684 946 713 contra
975 674 1213 724 Josephum,
1240 685 1305 713 ve-

184 756 266 783 rum
300 753 429 783 contra
464 745 633 792 legatos,
672 756 769 793 quos
804 745 974 783 dicebant
1008 757 1092 784 eum
1131 745 1305 796 injustis-

185 815 279 853 sime
316 824 481 856 tractare.
560 815 681 864 Quam
721 814 769 851 ob
800 827 947 853 causam
986 815 1023 853 hi
1061 816 1184 854 conati
1214 823 1304 853 sunt

185 884 459 922 multitudinem
500 892 757 932 congregatam
794 895 994 932 amovere3
1049 896 1134 922 cum
1176 894 1299 922 autem

182 954 348 1002 populus
384 953 555 991 clamaret
600 964 801 1000 numquam
846 964 886 991 se
922 953 1130 1002 Josephum
1177 954 1300 992 solum

186 1025 285 1073 apud
318 1035 383 1061 eos
412 1024 624 1062 relicturum
664 1034 774 1069 esse,
811 1022 958 1060 advenit
999 1023 1134 1071 aliquis
1163 1023 1303 1073 Johan·

185 1103 269 1130 nem
302 1092 497 1130 adventare
537 1090 738 1139 nuntians;
794 1103 907 1138 quare
938 1091 1144 1140 Jonathas‚
1197 1091 1304 1130 amici

184 1173 344 1211 persona
382 1161 579 1209 deposita,
612 1161 821 1210 Josephum
867 1162 1055 1199 accusavit
1097 1162 1303 1210 tyrannidis

185 1243 345 1279 eumque
389 1241 507 1269 morte
547 1231 698 1278 dignum
740 1242 820 1268 esse
868 1231 1086 1279 affirmavit,
1141 1243 1302 1280 cumque

182 1302 276 1340 illud
319 1301 459 1338 diceret
500 1300 672 1338 nonnulli
715 1311 844 1338 manus
884 1301 957 1349 J'am
995 1300 1164 1350 Josepho
1214 1301 1299 1350 inji-

185 1372 356 1418 ciebant,
386 1371 416 1408 is
453 1380 574 1408 autem
612 1370 744 1408 stricto
788 1369 938 1418 gladio,
964 1382 983 1407 a
1019 1371 1165 1419 populo
1197 1370 1301 1420 adju-

185 1451 275 1488 tus,
304 1439 434 1487 effugit
461 1440 546 1488 (t).

229 1511 418 1561 Josephus
453 1510 619 1558 periculo
654 1520 802 1558 ereptus
837 1509 1036 1548 Taricheas
1077 1521 1117 1548 se
1154 1508 1301 1547 confert

183 1589 219 1619 et
255 1580 388 1618 incolis
426 1580 478 1617 ibi
511 1578 788 1618 Tiberiensium
826 1586 966 1616 enarrat
999 1578 1181 1628 injurias,
1233 1577 1298 1627 qui

183 1652 233 1688 ita
266 1653 474 1689 irascuntur
510 1658 553 1687 ut
581 1658 710 1687 contra
743 1649 984 1688 Tiberienses
1010 1649 1199 1697 proficisci
1222 1650 1300 1686 vel-

183 1722 290 1767 lent,
319 1721 384 1758 sed
414 1720 605 1770 Josephus
641 1731 767 1757 eorum
794 1715 1017 1757 iracundiam
1049 1718 1191 1758 sedavit
1216 1730 1298 1757 eos-

185 1803 257 1838 que
286 1800 498 1839 exspectare
529 1791 670 1839 jussit,
723 1790 841 1827 donec
879 1789 989 1837 legati
1030 1800 1126 1837 quos
1161 1789 1298 1828 Hiero-

184 1861 326 1909 solyma
355 1860 528 1907 miserat,
556 1860 764 1899 rediissent.
818 1858 869 1897 Hi
896 1859 1025 1906 paucis
1048 1859 1178 1898 diebus
1206 1868 1297 1908 post

182 1931 319 1969 reversi
342 1930 561 1968 nuntiabant
579 1930 760 1980 populum
787 1931 1023 1968 vehementer
1044 1930 1177 1968 iratum
1203 1929 1298 1967 suis·

183 2013 222 2038 se
250 2001 410 2039 Annano
445 2009 482 2039 et
522 2000 665 2039 Simoni
694 2000 907 2039 Gamalielis
946 2000 1055 2046 filio,
1083 2009 1119 2037 et
1162 2000 1295 2037 horum

185 2071 392 2109 mandatum
430 2070 692 2118 revocavisse3
739 2070 928 2119 Josephus
971 2070 1102 2108 haecce
1139 2070 1177 2108 in
1211 2070 1296 2109 vico

187 2141 324 2180 Arbela
353 2140 541 2180 Gallilaeis
577 2140 757 2179 enarravit
779 2148 816 2178 et
840 2140 961 2178 literas
992 2139 1091 2178 misit
1116 2139 1298 2190 Jonathae

1199 2210 1296 2260 eJus-

223 2293 276 2330 (ι)
297 2294 347 2323 Cf.
368 2294 434 2332 Jos.
456 2293 487 2322 in
510 2293 569 2322 vit·
592 2288 619 2330 §.
642 2293 764 2326 52-58,
