1487 2703
431 200 950 244 LITERARIA.
1180 217 1248 256 '99

130 309 307 358 quamvis
339 309 447 349 etiam
484 313 577 350 mala
613 311 709 360 fide,
762 320 800 351 et
829 314 1066 352 solummodo
1098 322 1142 352 ut
1178 315 1247 353 im-

127 380 291 429 peratori
315 381 548 429 adularetur,
576 382 806 431 Vespasiano
830 383 1023 432 imperium
1045 385 1248 432 praedixis-

127 458 184 488 set
198 450 409 489 etMessiae
431 451 644 490 vaticinium
660 452 698 490 in
716 463 798 491 eum
824 452 1110 501 applicavisset‚
1138 465 1247 493 num-

129 532 238 569 quam
275 519 374 559 forte
412 522 511 571 apud
552 533 636 561 eum
680 523 719 560 in
766 523 944 560 honorem
986 523 1247 571 pervenisset,

124 600 316 638 nunquam
337 591 686 641 Hierosolymorum
711 592 896 631 obsidioni
917 592 1123 641 adfuisset,
1139 604 1247 632 num-

127 669 237 709 quam
273 661 416 700 Romae
459 670 517 700 tot
552 662 743 709 tantisque
779 663 986 700 honoribus
1035 665 1248 701 cumulatus

125 739 246 779 esset,
287 731 404 770 verbo
437 742 638 779 numquam
674 731 800 769 forsan
843 743 954 780 opera
985 744 1051 770 sua
1075 733 1248 781 scripsis-

126 810 198 840 set.
238 802 373 851 ,Nunc
411 812 499 839 vero
534 801 768 849 imperatoris
805 801 1064 841 benevolentia
1100 803 1247 840 fructus

125 879 212 919 est,
262 872 453 920 hujusque
495 871 596 910 filius
639 871 756 910 Titus
803 882 888 910 eum
936 883 1060 910 secum
1110 872 1245 920 duxit,

123 953 239 990 quum
275 942 573 989 proficisceretur
607 942 652 980 ad
687 941 952 990 Hierosolyma
986 942 1244 991 expugnanda.

122 1011 326 1051 Videamus
368 1013 561 1060 quomodo
603 1013 675 1050 hoc
719 1011 751 1049 ei
797 1009 986 1060 profuerit
1016 1011 1054 1049 in
1091 1011 1247 1051 historia

122 1081 236 1132 hujus
273 1081 482 1120 obsidionis
517 1081 802 1120 conscribenda.

173 1150 299 1192 Primo
332 1152 530 1203 generatim
564 1142 928 1190 animadvertendum
965 1159 1022 1189 est
1057 1151 1112 1189 uti
1141 1158 1247 1189 antea

121 1223 161 1261 in
192 1222 389 1270 Galilaea,
440 1223 489 1261 ita
536 1231 636 1261 nunc
675 1217 965 1271 ¹Hierosolymis
1003 1222 1245 1271 praesentiam

121 1303 227 1331 suam
257 1292 292 1330 ei
321 1291 527 1341 profuisse.
606 1293 703 1342 Quis
745 1292 842 1330 enim
877 1292 1010 1331 melius
1039 1292 1247 1330 describere

121 1365 269 1412 poterat
310 1362 508 1401 certamina
558 1363 740 1403 horrenda
760 1391 772 1411 ,
826 1373 970 1411 pugnas
1019 1362 1241 1409 acerrimas,

120 1432 239 1471 verbo
276 1432 398 1471 omnia
434 1444 528 1481 quae
566 1433 788 1471 tristissimis
823 1433 895 1471 illis
934 1433 1067 1471 diebus
1103 1433 1244 1471 accide-

121 1511 236 1551 runt,
267 1513 375 1551 quam
413 1503 444 1541 is
484 1503 549 1551 qui
587 1503 671 1552 ipse
702 1514 874 1552 praesens
907 1489 1040 1542 adest?
1089 1503 1243 1552 Optime

118 1572 212 1612 illud
237 1573 427 1622 Josephus
463 1573 582 1611 sensit
627 1573 858 1612 ubi-annuit
892 1574 1095 1611 nonnullos
1133 1573 1242 1611 etiam

121 1643 271 1691 quidem
306 1643 502 1692 scripsisse
540 1643 585 1681 de
623 1642 668 1681 iis
710 1643 848 1691 quibus
877 1653 999 1690 neque
1024 1643 1097 1691 ipsi
1131 1642 1245 1680 inter·

97 1713 247 1762 fuere,
275 1724 397 1761 neque
428 1725 576 1762 operam
599 1714 734 1752 dedere
765 1722 806 1750 ut
837 1725 856 1751 a
882 1724 1002 1750 rerum
1028 1712 1149 1761 gnaris
1181 1712 1243 1750 illa

119 1784 340 1833 acciperent.
392 1784 455 1823 Sic
491 1783 613 1822 fuisse
649 1783 715 1831 qui
749 1783 930 1821 ediderint
956 1783 1072 1820 libros
1096 1783 1140 1820 de
1163 1782 1242 1819 Ro·
1302 1802 1304 1804 v

118 1863 310 1893 manorum
346 1853 446 1891 bello
480 1863 609 1892 contra
634 1853 822 1903 Judaeos.,
850 1865 935 1892 cum
965 1862 1085 1890 tamen
1119 1864 1250 1900 nequev

117 1925 238 1964 adea
271 1926 353 1963 loca
383 1924 640 1972 pervenissent
672 1935 863 1972 unquam,
910 1934 1037 1970 *neque
1068 1923 1105 1960 in
1146 1922 1240 1960 locis

118 1995 259 2035 fuerint
285 1994 351 2032 ubi
378 2006 436 2032 res
465 2003 568 2032 erant
603 2004 739 2043 gestae.
799 2023 823 2041 „
849 1994 933 2042 Ego
966 2003 1087 2031 autem
1105 1993 1156 2040 ‚'’
1185 1992 1240 2029 sic

117 2066 266 2116 pergit,
316 2094 340 2114 „
373 2073 443 2104 tam
481 2066 527 2103 de
562 2065 738 2104 universo
771 2065 898 2112 bello,
937 2076 1044 2111 quam
1086 2064 1132 2102 de
1163 2064 1241 2101 sin-

119 2135 215 2184 gulis
249 2135 361 2174 rebus
399 2136 542 2185 gestis,
596 2135 743 2174 veritati
788 2144 1034 2173 consentanea
1076 2134 1237 2181 scripsi,

120 2216 205 2243 cum
239 2206 321 2253 ipse
349 2205 510 2254 negotiis
545 2206 721 2244 omnibus
766 2204 1014 2243 interfuerim.
1089 2204 1238 2257 Etenim

119 2276 196 2315 dux
227 2275 332 2314 extiti
362 2286 489 2314 eorum
525 2276 590 2324 qui
625 2278 726 2324 apud
760 2287 831 2315 nos
859 2274 1017 2313 Galilaei
1042 2274 1238 2319 dicuntur,

631 2346 675 2385 G
703 2360 726 2385 2
1112 2354 1240 2391 quam-
