<?xml version="1.0" encoding="UTF-8"?>
<!DOCTYPE html PUBLIC "-//W3C//DTD XHTML 1.0 Transitional//EN"
    "http://www.w3.org/TR/xhtml1/DTD/xhtml1-transitional.dtd">
<html xmlns="http://www.w3.org/1999/xhtml" xml:lang="en" lang="en">
 <head>
  <title>
</title>
<meta http-equiv="Content-Type" content="text/html;charset=utf-8" />
  <meta name='ocr-system' content='tesseract 3.04.00' />
  <meta name='ocr-capabilities' content='ocr_page ocr_carea ocr_par ocr_line ocrx_word'/>
</head>
<body>
  <div class='ocr_page' id='page_1' title='image "annalesacademiae34rhen_0534.png"; bbox 0 0 1487 2703; ppageno 0'>
   <div class='ocr_carea' id='block_1_1' title="bbox 212 223 1143 276">
    <p class='ocr_par' dir='ltr' id='par_1_1' title="bbox 212 223 1143 276">
     <span class='ocr_line' id='line_1_1' title="bbox 212 223 1143 276; baseline -0.003 -10"><span class='ocrx_word' id='word_1_1' title='bbox 212 241 259 276; x_wconf 81' lang='lat'>92</span> <span class='ocrx_word' id='word_1_2' title='bbox 402 223 1143 272; x_wconf 71' lang='lat' dir='ltr'>COMMJURIDICA.</span> 
     </span>
    </p>
   </div>
   <div class='ocr_carea' id='block_1_2' title="bbox 209 332 1316 454">
    <p class='ocr_par' dir='ltr' id='par_1_2' title="bbox 209 332 1316 454">
     <span class='ocr_line' id='line_1_2' title="bbox 209 332 1316 382; baseline -0.003 -8"><span class='ocrx_word' id='word_1_3' title='bbox 209 337 312 374; x_wconf 83' lang='lat' dir='ltr'>Iliam</span> <span class='ocrx_word' id='word_1_4' title='bbox 337 336 433 373; x_wconf 88' lang='lat' dir='ltr'>enim</span> <span class='ocrx_word' id='word_1_5' title='bbox 459 333 616 382; x_wconf 85' lang='lat' dir='ltr'>turpiter</span> <span class='ocrx_word' id='word_1_6' title='bbox 639 332 784 379; x_wconf 83' lang='lat' dir='ltr'>facere,</span> <span class='ocrx_word' id='word_1_7' title='bbox 813 332 916 380; x_wconf 90' lang='lat' dir='ltr'>quod</span> <span class='ocrx_word' id='word_1_8' title='bbox 944 332 992 370; x_wconf 90' lang='lat' dir='ltr'>sit</span> <span class='ocrx_word' id='word_1_9' title='bbox 1022 333 1218 379; x_wconf 86' lang='lat' dir='ltr'>meretrix,</span> <span class='ocrx_word' id='word_1_10' title='bbox 1241 343 1316 371; x_wconf 90' lang='lat' dir='ltr'>non</span> 
     </span>
     <span class='ocr_line' id='line_1_3' title="bbox 211 400 1135 454; baseline -0.003 -11"><span class='ocrx_word' id='word_1_11' title='bbox 211 404 368 454; x_wconf 85' lang='lat' dir='ltr'>turpiter</span> <span class='ocrx_word' id='word_1_12' title='bbox 394 404 586 452; x_wconf 84' lang='lat' dir='ltr'>accipere,</span> <span class='ocrx_word' id='word_1_13' title='bbox 613 414 697 440; x_wconf 85' lang='lat' dir='ltr'>cum</span> <span class='ocrx_word' id='word_1_14' title='bbox 727 402 776 439; x_wconf 92' lang='lat' dir='ltr'>sit</span> <span class='ocrx_word' id='word_1_15' title='bbox 802 400 972 439; x_wconf 85' lang='lat' dir='ltr'>meretrix</span> <span class='ocrx_word' id='word_1_16' title='bbox 996 401 1021 417; x_wconf 77' lang='lat'>’⁹</span> <span class='ocrx_word' id='word_1_17' title='bbox 1048 401 1135 450; x_wconf 87' lang='lat'>(1).</span> 
     </span>
    </p>
   </div>
   <div class='ocr_carea' id='block_1_3' title="bbox 505 556 1033 582">
    <p class='ocr_par' dir='ltr' id='par_1_3' title="bbox 505 556 1033 582">
     <span class='ocr_line' id='line_1_4' title="bbox 505 556 1033 582; baseline -0.004 -2"><span class='ocrx_word' id='word_1_18' title='bbox 505 556 1033 582; x_wconf 56' lang='grc' dir='ltr'>ψ-</span> 
     </span>
    </p>
   </div>
   <div class='ocr_carea' id='block_1_4' title="bbox 186 683 1327 1145">
    <p class='ocr_par' dir='ltr' id='par_1_4' title="bbox 186 683 1327 1145">
     <span class='ocr_line' id='line_1_5' title="bbox 263 683 1321 735; baseline -0.001 -11"><span class='ocrx_word' id='word_1_19' title='bbox 263 688 324 725; x_wconf 93' lang='lat' dir='ltr'>Sic</span> <span class='ocrx_word' id='word_1_20' title='bbox 350 685 463 735; x_wconf 84' lang='lat' dir='ltr'>igitur</span> <span class='ocrx_word' id='word_1_21' title='bbox 499 685 735 734; x_wconf 89' lang='lat' dir='ltr'>pervenimus</span> <span class='ocrx_word' id='word_1_22' title='bbox 780 684 824 722; x_wconf 88' lang='lat' dir='ltr'>ad</span> <span class='ocrx_word' id='word_1_23' title='bbox 865 683 976 722; x_wconf 84' lang='lat' dir='ltr'>finem</span> <span class='ocrx_word' id='word_1_24' title='bbox 1015 683 1138 732; x_wconf 91' lang='lat' dir='ltr'>operis</span> <span class='ocrx_word' id='word_1_25' title='bbox 1175 685 1321 732; x_wconf 88' lang='lat' dir='ltr'>nostri,</span> 
     </span>
     <span class='ocr_line' id='line_1_6' title="bbox 217 753 1326 805; baseline -0.003 -10"><span class='ocrx_word' id='word_1_26' title='bbox 217 768 320 805; x_wconf 84' lang='lat' dir='ltr'>quo,</span> <span class='ocrx_word' id='word_1_27' title='bbox 350 754 556 803; x_wconf 83' lang='lat' dir='ltr'>numquid</span> <span class='ocrx_word' id='word_1_28' title='bbox 586 753 882 803; x_wconf 79' lang='lat' dir='ltr'>profecerimus,</span> <span class='ocrx_word' id='word_1_29' title='bbox 921 754 994 791; x_wconf 91' lang='lat' dir='ltr'>hoc</span> <span class='ocrx_word' id='word_1_30' title='bbox 1014 753 1118 792; x_wconf 89' lang='lat' dir='ltr'>Vos</span> <span class='ocrx_word' id='word_1_31' title='bbox 1150 754 1326 802; x_wconf 74' lang='lat' dir='ltr'>dijudica·</span> 
     </span>
     <span class='ocr_line' id='line_1_7' title="bbox 217 823 1324 874; baseline -0.004 -9"><span class='ocrx_word' id='word_1_32' title='bbox 217 827 330 874; x_wconf 86' lang='lat' dir='ltr'>bitis,</span> <span class='ocrx_word' id='word_1_33' title='bbox 371 826 422 864; x_wconf 90' lang='lat' dir='ltr'>V.</span> <span class='ocrx_word' id='word_1_34' title='bbox 452 825 501 864; x_wconf 90' lang='lat' dir='ltr'>V.</span> <span class='ocrx_word' id='word_1_35' title='bbox 529 824 578 866; x_wconf 85' lang='lat' dir='ltr'>C.</span> <span class='ocrx_word' id='word_1_36' title='bbox 606 826 686 871; x_wconf 87' lang='lat' dir='ltr'>C.‚</span> <span class='ocrx_word' id='word_1_37' title='bbox 727 824 766 862; x_wconf 93' lang='lat' dir='ltr'>in</span> <span class='ocrx_word' id='word_1_38' title='bbox 801 824 868 862; x_wconf 90' lang='lat' dir='ltr'>hac</span> <span class='ocrx_word' id='word_1_39' title='bbox 903 823 1101 861; x_wconf 84' lang='lat' dir='ltr'>Academia</span> <span class='ocrx_word' id='word_1_40' title='bbox 1133 823 1324 873; x_wconf 89' lang='lat' dir='ltr'>Jurispru·</span> 
     </span>
     <span class='ocr_line' id='line_1_8' title="bbox 218 892 1326 940; baseline -0.005 -5"><span class='ocrx_word' id='word_1_41' title='bbox 218 897 360 935; x_wconf 84' lang='lat' dir='ltr'>dentiae</span> <span class='ocrx_word' id='word_1_42' title='bbox 382 894 633 935; x_wconf 83' lang='lat' dir='ltr'>Professores,</span> <span class='ocrx_word' id='word_1_43' title='bbox 660 915 716 924; x_wconf 92' lang='lat'>—</span> <span class='ocrx_word' id='word_1_44' title='bbox 742 893 888 932; x_wconf 87' lang='lat' dir='ltr'>Vestris</span> <span class='ocrx_word' id='word_1_45' title='bbox 915 892 1145 940; x_wconf 82' lang='lat' dir='ltr'>luminibus,</span> <span class='ocrx_word' id='word_1_46' title='bbox 1182 901 1326 931; x_wconf 87' lang='lat' dir='ltr'>vestrae</span> 
     </span>
     <span class='ocr_line' id='line_1_9' title="bbox 216 961 1325 1014; baseline -0.005 -9"><span class='ocrx_word' id='word_1_47' title='bbox 216 965 394 1014; x_wconf 88' lang='lat' dir='ltr'>aequitati</span> <span class='ocrx_word' id='word_1_48' title='bbox 439 964 705 1002; x_wconf 83' lang='lat' dir='ltr'>committimus</span> <span class='ocrx_word' id='word_1_49' title='bbox 756 964 917 1002; x_wconf 88' lang='lat' dir='ltr'>laborem</span> <span class='ocrx_word' id='word_1_50' title='bbox 950 971 1136 1001; x_wconf 88' lang='lat' dir='ltr'>nostrum.</span> <span class='ocrx_word' id='word_1_51' title='bbox 1215 961 1325 1000; x_wconf 89' lang='lat' dir='ltr'>Vos</span> 
     </span>
     <span class='ocr_line' id='line_1_10' title="bbox 218 1031 1327 1082; baseline -0.005 -8"><span class='ocrx_word' id='word_1_52' title='bbox 218 1036 399 1074; x_wconf 90' lang='lat' dir='ltr'>benevole</span> <span class='ocrx_word' id='word_1_53' title='bbox 433 1046 517 1073; x_wconf 88' lang='lat' dir='ltr'>eum</span> <span class='ocrx_word' id='word_1_54' title='bbox 542 1034 722 1082; x_wconf 84' lang='lat' dir='ltr'>accipite,</span> <span class='ocrx_word' id='word_1_55' title='bbox 750 1042 912 1072; x_wconf 89' lang='lat' dir='ltr'>vestrum</span> <span class='ocrx_word' id='word_1_56' title='bbox 945 1040 1199 1080; x_wconf 85' lang='lat' dir='ltr'>exspectamus</span> <span class='ocrx_word' id='word_1_57' title='bbox 1224 1031 1327 1081; x_wconf 87' lang='lat' dir='ltr'>judi-</span> 
     </span>
     <span class='ocr_line' id='line_1_11' title="bbox 186 1115 733 1145; baseline -0.004 -1"><span class='ocrx_word' id='word_1_58' title='bbox 186 1142 188 1145; x_wconf 87' lang='grc'><em>,</em></span> <span class='ocrx_word' id='word_1_59' title='bbox 216 1117 332 1145; x_wconf 78' lang='lat' dir='ltr'>cium.</span> <span class='ocrx_word' id='word_1_60' title='bbox 729 1115 733 1116; x_wconf 47' lang='lat'><em>⁷</em></span> 
     </span>
    </p>
   </div>
   <div class='ocr_carea' id='block_1_5' title="bbox 222 1257 1326 1466">
    <p class='ocr_par' dir='ltr' id='par_1_5' title="bbox 222 1257 1326 1466">
     <span class='ocr_line' id='line_1_12' title="bbox 259 1257 1326 1299; baseline -0.007 -8"><span class='ocrx_word' id='word_1_61' title='bbox 259 1261 311 1299; x_wconf 85' lang='grc' dir='ltr'>(ι)</span> <span class='ocrx_word' id='word_1_62' title='bbox 331 1264 404 1291; x_wconf 85' lang='lat' dir='ltr'>Sunt</span> <span class='ocrx_word' id='word_1_63' title='bbox 429 1260 521 1289; x_wconf 79' lang='lat' dir='ltr'>verba</span> <span class='ocrx_word' id='word_1_64' title='bbox 544 1259 619 1295; x_wconf 89' lang='lat' dir='ltr'>legis</span> <span class='ocrx_word' id='word_1_65' title='bbox 642 1269 671 1296; x_wconf 84' lang='lat'>4.</span> <span class='ocrx_word' id='word_1_66' title='bbox 693 1259 721 1296; x_wconf 87' lang='lat'>§.</span> <span class='ocrx_word' id='word_1_67' title='bbox 740 1267 768 1293; x_wconf 85' lang='lat'>3.</span> <span class='ocrx_word' id='word_1_68' title='bbox 787 1258 818 1288; x_wconf 82' lang='lat' dir='ltr'>ff.</span> <span class='ocrx_word' id='word_1_69' title='bbox 843 1259 881 1287; x_wconf 83' lang='lat' dir='ltr'>de</span> <span class='ocrx_word' id='word_1_70' title='bbox 907 1258 1007 1287; x_wconf 87' lang='lat' dir='ltr'>Cond.</span> <span class='ocrx_word' id='word_1_71' title='bbox 1032 1258 1072 1286; x_wconf 93' lang='lat' dir='ltr'>ob</span> <span class='ocrx_word' id='word_1_72' title='bbox 1095 1258 1135 1287; x_wconf 92' lang='grc' dir='ltr'>Τ.</span> <span class='ocrx_word' id='word_1_73' title='bbox 1155 1257 1190 1288; x_wconf 83' lang='lat' dir='ltr'>C.</span> <span class='ocrx_word' id='word_1_74' title='bbox 1213 1258 1250 1286; x_wconf 90' lang='lat' dir='ltr'>de</span> <span class='ocrx_word' id='word_1_75' title='bbox 1269 1264 1326 1291; x_wconf 77' lang='lat' dir='ltr'>qua</span> 
     </span>
     <span class='ocr_line' id='line_1_13' title="bbox 224 1314 1324 1353; baseline -0.004 -7"><span class='ocrx_word' id='word_1_76' title='bbox 224 1318 468 1352; x_wconf 83' lang='lat' dir='ltr'>Pufendorf,</span> <span class='ocrx_word' id='word_1_77' title='bbox 504 1316 540 1344; x_wconf 76' lang='lat' dir='ltr'>dc</span> <span class='ocrx_word' id='word_1_78' title='bbox 572 1317 654 1353; x_wconf 73' lang='lat' dir='ltr'>Jure</span> <span class='ocrx_word' id='word_1_79' title='bbox 678 1315 758 1344; x_wconf 82' lang='lat' dir='ltr'>Nae.</span> <span class='ocrx_word' id='word_1_80' title='bbox 793 1321 825 1342; x_wconf 78' lang='lat' dir='ltr'>et</span> <span class='ocrx_word' id='word_1_81' title='bbox 857 1316 967 1349; x_wconf 68' lang='lat' dir='ltr'>Gens„</span> <span class='ocrx_word' id='word_1_82' title='bbox 1005 1314 1076 1344; x_wconf 85' lang='lat' dir='ltr'>Lib.</span> <span class='ocrx_word' id='word_1_83' title='bbox 1100 1315 1163 1344; x_wconf 83' lang='grc' dir='ltr'><strong>ΙΙΙ.</strong></span> <span class='ocrx_word' id='word_1_84' title='bbox 1190 1322 1260 1349; x_wconf 85' lang='lat' dir='ltr'>cap.</span> <span class='ocrx_word' id='word_1_85' title='bbox 1293 1323 1324 1350; x_wconf 83' lang='lat'>7.</span> 
     </span>
     <span class='ocr_line' id='line_1_14' title="bbox 222 1370 1325 1412; baseline -0.005 -7"><span class='ocrx_word' id='word_1_86' title='bbox 222 1377 251 1412; x_wconf 74' lang='lat'>§-</span> <span class='ocrx_word' id='word_1_87' title='bbox 270 1379 300 1405; x_wconf 89' lang='lat'>8.</span> <span class='ocrx_word' id='word_1_88' title='bbox 320 1387 358 1396; x_wconf 94' lang='lat'>—</span> <span class='ocrx_word' id='word_1_89' title='bbox 378 1375 450 1403; x_wconf 85' lang='lat' dir='ltr'>Sunt</span> <span class='ocrx_word' id='word_1_90' title='bbox 471 1380 588 1408; x_wconf 88' lang='lat' dir='ltr'>autem,</span> <span class='ocrx_word' id='word_1_91' title='bbox 607 1372 660 1407; x_wconf 92' lang='lat' dir='ltr'>qui</span> <span class='ocrx_word' id='word_1_92' title='bbox 685 1373 760 1401; x_wconf 86' lang='lat' dir='ltr'>hanc</span> <span class='ocrx_word' id='word_1_93' title='bbox 782 1371 1009 1401; x_wconf 84' lang='lat' dir='ltr'>distinctionem</span> <span class='ocrx_word' id='word_1_94' title='bbox 1030 1370 1191 1407; x_wconf 82' lang='lat' dir='ltr'>rejiciant,</span> <span class='ocrx_word' id='word_1_95' title='bbox 1210 1371 1242 1399; x_wconf 85' lang='lat' dir='ltr'>in</span> <span class='ocrx_word' id='word_1_96' title='bbox 1259 1371 1325 1406; x_wconf 86' lang='lat' dir='ltr'>qui-</span> 
     </span>
     <span class='ocr_line' id='line_1_15' title="bbox 223 1429 1325 1466; baseline -0.002 -6"><span class='ocrx_word' id='word_1_97' title='bbox 223 1433 277 1462; x_wconf 87' lang='lat' dir='ltr'>bus</span> <span class='ocrx_word' id='word_1_98' title='bbox 297 1430 492 1466; x_wconf 85' lang='lat' dir='ltr'>voetius,</span> <span class='ocrx_word' id='word_1_99' title='bbox 513 1430 549 1458; x_wconf 84' lang='lat' dir='ltr'>ad</span> <span class='ocrx_word' id='word_1_100' title='bbox 566 1430 646 1458; x_wconf 87' lang='lat' dir='ltr'>hunc</span> <span class='ocrx_word' id='word_1_101' title='bbox 670 1429 719 1457; x_wconf 89' lang='lat' dir='ltr'>tit.</span> <span class='ocrx_word' id='word_1_102' title='bbox 746 1430 798 1458; x_wconf 85' lang='lat' dir='ltr'>n‘’.</span> <span class='ocrx_word' id='word_1_103' title='bbox 819 1439 848 1458; x_wconf 87' lang='lat'>2.</span> <span class='ocrx_word' id='word_1_104' title='bbox 883 1429 931 1457; x_wconf 84' lang='lat' dir='ltr'>Cf.</span> <span class='ocrx_word' id='word_1_105' title='bbox 952 1429 1002 1457; x_wconf 88' lang='lat' dir='ltr'>Ct.</span> <span class='ocrx_word' id='word_1_106' title='bbox 1022 1429 1245 1464; x_wconf 86' lang='lat' dir='ltr'>sandberg‚</span> <span class='ocrx_word' id='word_1_107' title='bbox 1265 1429 1325 1458; x_wconf 80' lang='lat'>1,1.</span> 
     </span>
    </p>
   </div>
   <div class='ocr_carea' id='block_1_6' title="bbox 223 1496 1242 1625">
    <p class='ocr_par' dir='ltr' id='par_1_6' title="bbox 223 1496 1242 1625">
     <span class='ocr_line' id='line_1_16' title="bbox 223 1496 449 1526; baseline 0 -9"><span class='ocrx_word' id='word_1_108' title='bbox 223 1496 290 1525; x_wconf 80' lang='lat' dir='ltr'>pag.</span> <span class='ocrx_word' id='word_1_109' title='bbox 313 1498 362 1526; x_wconf 75' lang='lat'>44.</span> <span class='ocrx_word' id='word_1_110' title='bbox 384 1496 449 1522; x_wconf 85' lang='lat' dir='ltr'>seq.</span> 
     </span>
     <span class='ocr_line' id='line_1_17' title="bbox 493 1581 1242 1625; baseline -0.004 -10"><span class='ocrx_word' id='word_1_111' title='bbox 493 1603 519 1622; x_wconf 88' lang='lat'>‚,</span> <span class='ocrx_word' id='word_1_112' title='bbox 541 1584 663 1623; x_wconf 81' lang='lat' dir='ltr'>Edidi,</span> <span class='ocrx_word' id='word_1_113' title='bbox 687 1593 771 1625; x_wconf 82' lang='lat' dir='ltr'>quae</span> <span class='ocrx_word' id='word_1_114' title='bbox 786 1584 885 1625; x_wconf 80' lang='lat' dir='ltr'>potui</span> <span class='ocrx_word' id='word_1_115' title='bbox 899 1602 908 1620; x_wconf 88' lang='lat'>‚</span> <span class='ocrx_word' id='word_1_116' title='bbox 932 1592 1018 1620; x_wconf 85' lang='lat' dir='ltr'>non,</span> <span class='ocrx_word' id='word_1_117' title='bbox 1041 1587 1080 1613; x_wconf 85' lang='lat' dir='ltr'>ut</span> <span class='ocrx_word' id='word_1_118' title='bbox 1098 1582 1202 1615; x_wconf 79' lang='lat' dir='ltr'>volui.</span> <span class='ocrx_word' id='word_1_119' title='bbox 1217 1581 1242 1598; x_wconf 81' lang='lat'>&#39;¹</span> 
     </span>
    </p>
   </div>
   <div class='ocr_carea' id='block_1_7' title="bbox 960 1673 1167 1697">
    <p class='ocr_par' dir='ltr' id='par_1_7' title="bbox 960 1673 1167 1697">
     <span class='ocr_line' id='line_1_18' title="bbox 960 1673 1167 1697; baseline -0.005 0"><span class='ocrx_word' id='word_1_120' title='bbox 960 1673 1167 1697; x_wconf 75' lang='lat' dir='ltr'>crcERo.</span> 
     </span>
    </p>
   </div>
   <div class='ocr_carea' id='block_1_8' title="bbox 528 1921 1068 1963">
    <p class='ocr_par' dir='ltr' id='par_1_8' title="bbox 528 1921 1068 1963">
     <span class='ocr_line' id='line_1_19' title="bbox 528 1921 1068 1963; baseline -0.007 0"><span class='ocrx_word' id='word_1_121' title='bbox 528 1921 1068 1963; x_wconf 46' lang='lat' dir='ltr'>TANTUMs</span> 
     </span>
    </p>
   </div>
  </div>
 </body>
</html>
