<?xml version="1.0" encoding="UTF-8"?>
<!DOCTYPE html PUBLIC "-//W3C//DTD XHTML 1.0 Transitional//EN"
    "http://www.w3.org/TR/xhtml1/DTD/xhtml1-transitional.dtd">
<html xmlns="http://www.w3.org/1999/xhtml" xml:lang="en" lang="en">
 <head>
  <title>
</title>
<meta http-equiv="Content-Type" content="text/html;charset=utf-8" />
  <meta name='ocr-system' content='tesseract 3.04.00' />
  <meta name='ocr-capabilities' content='ocr_page ocr_carea ocr_par ocr_line ocrx_word'/>
</head>
<body>
  <div class='ocr_page' id='page_1' title='image "annalesacademiae34rhen_0070.png"; bbox 0 0 1544 2693; ppageno 0'>
   <div class='ocr_carea' id='block_1_1' title="bbox 255 117 1146 164">
    <p class='ocr_par' dir='ltr' id='par_1_1' title="bbox 255 117 1146 164">
     <span class='ocr_line' id='line_1_1' title="bbox 255 117 1146 164; baseline 0.003 -3"><span class='ocrx_word' id='word_1_1' title='bbox 255 118 312 161; x_wconf 82' lang='lat'><strong>26</strong></span> <span class='ocrx_word' id='word_1_2' title='bbox 463 117 641 162; x_wconf 86' lang='lat' dir='ltr'><strong>HERM.</strong></span> <span class='ocrx_word' id='word_1_3' title='bbox 671 117 796 162; x_wconf 88' lang='lat' dir='ltr'>JOH.</span> <span class='ocrx_word' id='word_1_4' title='bbox 831 117 1146 164; x_wconf 89' lang='lat' dir='ltr'><strong>ROYAARDS</strong></span> 
     </span>
    </p>
   </div>
   <div class='ocr_carea' id='block_1_2' title="bbox 233 250 1354 1898">
    <p class='ocr_par' dir='ltr' id='par_1_2' title="bbox 233 250 1354 1146">
     <span class='ocr_line' id='line_1_2' title="bbox 253 250 1353 310; baseline 0.004 -16"><span class='ocrx_word' id='word_1_5' title='bbox 253 250 353 295; x_wconf 89' lang='lat' dir='ltr'><strong>inde</strong></span> <span class='ocrx_word' id='word_1_6' title='bbox 375 258 562 310; x_wconf 87' lang='lat' dir='ltr'><strong>tempore</strong></span> <span class='ocrx_word' id='word_1_7' title='bbox 586 265 733 296; x_wconf 87' lang='lat' dir='ltr'><strong>causae</strong></span> <span class='ocrx_word' id='word_1_8' title='bbox 759 250 975 310; x_wconf 86' lang='lat' dir='ltr'>politicae,</span> <span class='ocrx_word' id='word_1_9' title='bbox 1003 253 1104 310; x_wconf 88' lang='lat' dir='ltr'><strong>quin</strong></span> <span class='ocrx_word' id='word_1_10' title='bbox 1124 253 1353 300; x_wconf 79' lang='lat' dir='ltr'><strong>Marnixius</strong></span> 
     </span>
     <span class='ocr_line' id='line_1_3' title="bbox 240 334 1354 388; baseline 0.006 -12"><span class='ocrx_word' id='word_1_11' title='bbox 240 334 303 378; x_wconf 22' lang='lat' dir='ltr'><strong>‘iis</strong></span> <span class='ocrx_word' id='word_1_12' title='bbox 326 335 511 387; x_wconf 82' lang='lat' dir='ltr'><strong>adesset,</strong></span> <span class='ocrx_word' id='word_1_13' title='bbox 544 335 628 380; x_wconf 83' lang='lat' dir='ltr'><strong>sive</strong></span> <span class='ocrx_word' id='word_1_14' title='bbox 652 336 758 388; x_wconf 87' lang='lat' dir='ltr'><strong>dux,</strong></span> <span class='ocrx_word' id='word_1_15' title='bbox 790 336 875 380; x_wconf 89' lang='lat' dir='ltr'><strong>sive</strong></span> <span class='ocrx_word' id='word_1_16' title='bbox 903 336 1052 382; x_wconf 91' lang='lat' dir='ltr'><strong>socius.</strong></span> <span class='ocrx_word' id='word_1_17' title='bbox 1092 338 1142 381; x_wconf 90' lang='lat' dir='ltr'><strong>ln</strong></span> <span class='ocrx_word' id='word_1_18' title='bbox 1168 337 1354 384; x_wconf 86' lang='lat' dir='ltr'><strong>Comitiis</strong></span> 
     </span>
     <span class='ocr_line' id='line_1_4' title="bbox 251 417 1352 479; baseline 0.004 -18"><span class='ocrx_word' id='word_1_19' title='bbox 251 418 496 462; x_wconf 83' lang='lat' dir='ltr'><strong>Hollandiae</strong></span> <span class='ocrx_word' id='word_1_20' title='bbox 517 425 556 462; x_wconf 90' lang='lat' dir='ltr'><strong>et</strong></span> <span class='ocrx_word' id='word_1_21' title='bbox 574 417 791 461; x_wconf 88' lang='lat' dir='ltr'><strong>Zelandiae</strong></span> <span class='ocrx_word' id='word_1_22' title='bbox 807 417 1016 478; x_wconf 87' lang='lat' dir='ltr'><strong>Principis</strong></span> <span class='ocrx_word' id='word_1_23' title='bbox 1040 419 1206 465; x_wconf 92' lang='lat' dir='ltr'><strong>nomine</strong></span> <span class='ocrx_word' id='word_1_24' title='bbox 1221 435 1352 479; x_wconf 77' lang='lat' dir='ltr'><strong>prae—</strong></span> 
     </span>
     <span class='ocr_line' id='line_1_5' title="bbox 251 501 1352 563; baseline 0.004 -17"><span class='ocrx_word' id='word_1_25' title='bbox 251 517 367 557; x_wconf 81' lang='lat' dir='ltr'><strong>sens3</strong></span> <span class='ocrx_word' id='word_1_26' title='bbox 392 503 436 545; x_wconf 91' lang='lat' dir='ltr'><strong>in</strong></span> <span class='ocrx_word' id='word_1_27' title='bbox 459 501 745 545; x_wconf 89' lang='lat' dir='ltr'><strong>constituenda</strong></span> <span class='ocrx_word' id='word_1_28' title='bbox 764 515 869 560; x_wconf 89' lang='lat' dir='ltr'><strong>pace</strong></span> <span class='ocrx_word' id='word_1_29' title='bbox 889 503 1052 548; x_wconf 85' lang='lat' dir='ltr'><strong>Bredae</strong></span> <span class='ocrx_word' id='word_1_30' title='bbox 1066 536 1078 557; x_wconf 92' lang='lat'>,</span> <span class='ocrx_word' id='word_1_31' title='bbox 1107 518 1214 563; x_wconf 89' lang='lat' dir='ltr'><strong>pace</strong></span> <span class='ocrx_word' id='word_1_32' title='bbox 1230 505 1352 550; x_wconf 90' lang='lat' dir='ltr'><strong>Gan-</strong></span> 
     </span>
     <span class='ocr_line' id='line_1_6' title="bbox 238 584 1350 646; baseline 0.004 -18"><span class='ocrx_word' id='word_1_33' title='bbox 238 585 419 630; x_wconf 81' lang='lat' dir='ltr'><strong>davensi</strong></span> <span class='ocrx_word' id='word_1_34' title='bbox 444 593 483 629; x_wconf 91' lang='lat' dir='ltr'><strong>et</strong></span> <span class='ocrx_word' id='word_1_35' title='bbox 503 585 671 630; x_wconf 84' lang='lat' dir='ltr'><strong>Unione</strong></span> <span class='ocrx_word' id='word_1_36' title='bbox 696 584 933 643; x_wconf 73' lang='lat' dir='ltr'><strong>Traiectina</strong></span> <span class='ocrx_word' id='word_1_37' title='bbox 958 594 1188 646; x_wconf 88' lang='lat' dir='ltr'><strong>occupatus</strong></span> <span class='ocrx_word' id='word_1_38' title='bbox 1203 619 1216 641; x_wconf 89' lang='lat'>,</span> <span class='ocrx_word' id='word_1_39' title='bbox 1239 587 1350 633; x_wconf 87' lang='lat' dir='ltr'><strong>idem</strong></span> 
     </span>
     <span class='ocr_line' id='line_1_7' title="bbox 245 668 1351 715; baseline 0.003 -3"><span class='ocrx_word' id='word_1_40' title='bbox 245 669 311 713; x_wconf 90' lang='lat' dir='ltr'><strong>ille</strong></span> <span class='ocrx_word' id='word_1_41' title='bbox 338 668 381 712; x_wconf 90' lang='lat' dir='ltr'><strong>in</strong></span> <span class='ocrx_word' id='word_1_42' title='bbox 405 668 592 713; x_wconf 81' lang='lat' dir='ltr'><strong>Comitiis</strong></span> <span class='ocrx_word' id='word_1_43' title='bbox 615 668 991 715; x_wconf 84' lang='lat' dir='ltr'><strong>Wormatensibus</strong></span> <span class='ocrx_word' id='word_1_44' title='bbox 1019 670 1186 715; x_wconf 86' lang='lat' dir='ltr'><strong>Patriae</strong></span> <span class='ocrx_word' id='word_1_45' title='bbox 1217 671 1351 715; x_wconf 91' lang='lat' dir='ltr'><strong>susti-</strong></span> 
     </span>
     <span class='ocr_line' id='line_1_8' title="bbox 246 751 1351 810; baseline 0.002 -14"><span class='ocrx_word' id='word_1_46' title='bbox 246 752 335 796; x_wconf 86' lang='lat' dir='ltr'><strong>nuit</strong></span> <span class='ocrx_word' id='word_1_47' title='bbox 367 766 549 796; x_wconf 88' lang='lat' dir='ltr'><strong>causam.</strong></span> <span class='ocrx_word' id='word_1_48' title='bbox 610 751 835 796; x_wconf 86' lang='lat' dir='ltr'>Consulatu</span> <span class='ocrx_word' id='word_1_49' title='bbox 870 752 1036 810; x_wconf 84' lang='lat' dir='ltr'><strong>functus</strong></span> <span class='ocrx_word' id='word_1_50' title='bbox 1072 761 1134 798; x_wconf 90' lang='lat' dir='ltr'><strong>est</strong></span> <span class='ocrx_word' id='word_1_51' title='bbox 1167 754 1351 799; x_wconf 87' lang='lat' dir='ltr'><strong>Antver-</strong></span> 
     </span>
     <span class='ocr_line' id='line_1_9' title="bbox 245 836 1349 896; baseline 0.004 -17"><span class='ocrx_word' id='word_1_52' title='bbox 245 836 366 895; x_wconf 82' lang='lat' dir='ltr'><strong>piae3</strong></span> <span class='ocrx_word' id='word_1_53' title='bbox 391 837 539 880; x_wconf 86' lang='lat' dir='ltr'><strong>virtute</strong></span> <span class='ocrx_word' id='word_1_54' title='bbox 563 836 729 880; x_wconf 89' lang='lat' dir='ltr'><strong>militari</strong></span> <span class='ocrx_word' id='word_1_55' title='bbox 753 837 944 880; x_wconf 90' lang='lat' dir='ltr'><strong>inclaruit</strong></span> <span class='ocrx_word' id='word_1_56' title='bbox 975 836 1150 896; x_wconf 87' lang='lat' dir='ltr'><strong>Delphis</strong></span> <span class='ocrx_word' id='word_1_57' title='bbox 1165 869 1177 892; x_wconf 90' lang='lat'>,</span> <span class='ocrx_word' id='word_1_58' title='bbox 1211 838 1349 883; x_wconf 89' lang='lat' dir='ltr'><strong>Rote-</strong></span> 
     </span>
     <span class='ocr_line' id='line_1_10' title="bbox 245 919 1349 978; baseline 0.003 -15"><span class='ocrx_word' id='word_1_59' title='bbox 245 919 430 973; x_wconf 87' lang='lat' dir='ltr'><strong>rodami,</strong></span> <span class='ocrx_word' id='word_1_60' title='bbox 463 919 571 963; x_wconf 87' lang='lat' dir='ltr'><strong>alibi.</strong></span> <span class='ocrx_word' id='word_1_61' title='bbox 634 920 722 963; x_wconf 90' lang='lat' dir='ltr'><strong>Nec</strong></span> <span class='ocrx_word' id='word_1_62' title='bbox 745 919 879 963; x_wconf 87' lang='lat' dir='ltr'><strong>minus</strong></span> <span class='ocrx_word' id='word_1_63' title='bbox 910 920 954 963; x_wconf 95' lang='lat' dir='ltr'><strong>in</strong></span> <span class='ocrx_word' id='word_1_64' title='bbox 977 920 1157 978; x_wconf 86' lang='lat' dir='ltr'>graviori</span> <span class='ocrx_word' id='word_1_65' title='bbox 1183 921 1349 966; x_wconf 83' lang='lat' dir='ltr'><strong>Patriae</strong></span> 
     </span>
     <span class='ocr_line' id='line_1_11' title="bbox 247 1002 1348 1060; baseline 0.001 -14"><span class='ocrx_word' id='word_1_66' title='bbox 247 1017 372 1047; x_wconf 90' lang='lat' dir='ltr'><strong>causa</strong></span> <span class='ocrx_word' id='word_1_67' title='bbox 404 1017 652 1059; x_wconf 88' lang='lat' dir='ltr'><strong>quacunque</strong></span> <span class='ocrx_word' id='word_1_68' title='bbox 686 1002 885 1060; x_wconf 80' lang='lat' dir='ltr'><strong>Legatum</strong></span> <span class='ocrx_word' id='word_1_69' title='bbox 917 1016 1009 1046; x_wconf 90' lang='lat' dir='ltr'><strong>eum</strong></span> <span class='ocrx_word' id='word_1_70' title='bbox 1032 1002 1222 1047; x_wconf 87' lang='lat' dir='ltr'><strong>novimus</strong></span> <span class='ocrx_word' id='word_1_71' title='bbox 1240 1002 1348 1047; x_wconf 85' lang='lat' dir='ltr'><strong>Rei-</strong></span> 
     </span>
     <span class='ocr_line' id='line_1_12' title="bbox 233 1086 1023 1146; baseline -0.001 -16"><span class='ocrx_word' id='word_1_72' title='bbox 233 1087 456 1146; x_wconf 87' lang='lat' dir='ltr'><strong>-publicae,</strong></span> <span class='ocrx_word' id='word_1_73' title='bbox 487 1086 668 1131; x_wconf 88' lang='lat' dir='ltr'><strong>Londini</strong></span> <span class='ocrx_word' id='word_1_74' title='bbox 690 1094 814 1144; x_wconf 84' lang='lat' dir='ltr'><strong>atque</strong></span> <span class='ocrx_word' id='word_1_75' title='bbox 840 1086 1023 1131; x_wconf 88' lang='lat' dir='ltr'><strong>Parisiis.</strong></span> 
     </span>
    </p>

    <p class='ocr_par' dir='ltr' id='par_1_3' title="bbox 244 1169 1346 1898">
     <span class='ocr_line' id='line_1_13' title="bbox 300 1169 1344 1228; baseline 0 -15"><span class='ocrx_word' id='word_1_76' title='bbox 300 1171 464 1228; x_wconf 82' lang='lat' dir='ltr'>Quodsi</span> <span class='ocrx_word' id='word_1_77' title='bbox 479 1171 523 1214; x_wconf 91' lang='lat' dir='ltr'><strong>in</strong></span> <span class='ocrx_word' id='word_1_78' title='bbox 538 1171 653 1215; x_wconf 87' lang='lat' dir='ltr'><strong>hisce</strong></span> <span class='ocrx_word' id='word_1_79' title='bbox 670 1171 794 1215; x_wconf 84' lang='lat' dir='ltr'><strong>vitam</strong></span> <span class='ocrx_word' id='word_1_80' title='bbox 821 1169 1065 1214; x_wconf 83' lang='lat' dir='ltr'><strong>absolvisset</strong></span> <span class='ocrx_word' id='word_1_81' title='bbox 1090 1169 1344 1223; x_wconf 65' lang='lat' dir='ltr'><strong>Mamurius,</strong></span> 
     </span>
     <span class='ocr_line' id='line_1_14' title="bbox 244 1254 1345 1313; baseline -0.001 -15"><span class='ocrx_word' id='word_1_82' title='bbox 244 1254 376 1298; x_wconf 86' lang='lat' dir='ltr'><strong>virum</strong></span> <span class='ocrx_word' id='word_1_83' title='bbox 401 1255 657 1313; x_wconf 82' lang='lat' dir='ltr'><strong>suspicerent</strong></span> <span class='ocrx_word' id='word_1_84' title='bbox 682 1268 850 1307; x_wconf 88' lang='lat' dir='ltr'><strong>omnes,</strong></span> <span class='ocrx_word' id='word_1_85' title='bbox 880 1254 945 1298; x_wconf 90' lang='lat' dir='ltr'><strong>cui</strong></span> <span class='ocrx_word' id='word_1_86' title='bbox 969 1267 1162 1311; x_wconf 83' lang='lat' dir='ltr'><strong>magnam</strong></span> <span class='ocrx_word' id='word_1_87' title='bbox 1185 1259 1345 1312; x_wconf 87' lang='lat' dir='ltr'><strong>partem</strong></span> 
     </span>
     <span class='ocr_line' id='line_1_15' title="bbox 245 1336 1344 1395; baseline -0.001 -14"><span class='ocrx_word' id='word_1_88' title='bbox 245 1352 360 1381; x_wconf 85' lang='lat' dir='ltr'><strong>suam</strong></span> <span class='ocrx_word' id='word_1_89' title='bbox 407 1337 560 1382; x_wconf 85' lang='lat' dir='ltr'><strong>debent</strong></span> <span class='ocrx_word' id='word_1_90' title='bbox 606 1336 926 1395; x_wconf 85' lang='lat' dir='ltr'><strong>Rempublicam</strong></span> <span class='ocrx_word' id='word_1_91' title='bbox 974 1337 1140 1394; x_wconf 79' lang='lat' dir='ltr'><strong>Belgae.</strong></span> <span class='ocrx_word' id='word_1_92' title='bbox 1223 1337 1344 1381; x_wconf 87' lang='lat' dir='ltr'><strong>Nunc</strong></span> 
     </span>
     <span class='ocr_line' id='line_1_16' title="bbox 245 1419 1344 1479; baseline -0.002 -15"><span class='ocrx_word' id='word_1_93' title='bbox 245 1435 344 1465; x_wconf 86' lang='lat' dir='ltr'><strong>vero</strong></span> <span class='ocrx_word' id='word_1_94' title='bbox 368 1435 416 1465; x_wconf 86' lang='lat' dir='ltr'><strong>eo</strong></span> <span class='ocrx_word' id='word_1_95' title='bbox 437 1421 568 1479; x_wconf 83' lang='lat' dir='ltr'><strong>magis</strong></span> <span class='ocrx_word' id='word_1_96' title='bbox 589 1436 680 1465; x_wconf 89' lang='lat' dir='ltr'><strong>eum</strong></span> <span class='ocrx_word' id='word_1_97' title='bbox 705 1420 981 1472; x_wconf 80' lang='lat' dir='ltr'><strong>admiramur,</strong></span> <span class='ocrx_word' id='word_1_98' title='bbox 1008 1419 1081 1476; x_wconf 86' lang='lat' dir='ltr'><strong>qui</strong></span> <span class='ocrx_word' id='word_1_99' title='bbox 1111 1420 1154 1462; x_wconf 91' lang='lat' dir='ltr'><strong>in</strong></span> <span class='ocrx_word' id='word_1_100' title='bbox 1175 1419 1344 1477; x_wconf 83' lang='lat' dir='ltr'><strong>singulis</strong></span> 
     </span>
     <span class='ocr_line' id='line_1_17' title="bbox 245 1503 1344 1564; baseline 0 -17"><span class='ocrx_word' id='word_1_101' title='bbox 245 1504 360 1548; x_wconf 85' lang='lat' dir='ltr'><strong>hisce</strong></span> <span class='ocrx_word' id='word_1_102' title='bbox 394 1504 546 1563; x_wconf 86' lang='lat' dir='ltr'><strong>pietate</strong></span> <span class='ocrx_word' id='word_1_103' title='bbox 586 1504 733 1547; x_wconf 84' lang='lat' dir='ltr'><strong>ductus</strong></span> <span class='ocrx_word' id='word_1_104' title='bbox 773 1504 848 1546; x_wconf 83' lang='lat' dir='ltr'><strong>fuit</strong></span> <span class='ocrx_word' id='word_1_105' title='bbox 877 1510 916 1546; x_wconf 87' lang='lat' dir='ltr'><strong>et</strong></span> <span class='ocrx_word' id='word_1_106' title='bbox 949 1503 1156 1564; x_wconf 76' lang='lat' dir='ltr'><strong>religionis</strong></span> <span class='ocrx_word' id='word_1_107' title='bbox 1189 1517 1344 1547; x_wconf 86' lang='lat' dir='ltr'><strong>amore.</strong></span> 
     </span>
     <span class='ocr_line' id='line_1_18' title="bbox 245 1586 1346 1644; baseline -0.003 -13"><span class='ocrx_word' id='word_1_108' title='bbox 245 1588 359 1631; x_wconf 82' lang='lat' dir='ltr'><strong>Haec</strong></span> <span class='ocrx_word' id='word_1_109' title='bbox 399 1588 506 1631; x_wconf 85' lang='lat' dir='ltr'><strong>enim</strong></span> <span class='ocrx_word' id='word_1_110' title='bbox 561 1603 651 1631; x_wconf 91' lang='lat' dir='ltr'><strong>eum</strong></span> <span class='ocrx_word' id='word_1_111' title='bbox 707 1586 918 1640; x_wconf 84' lang='lat' dir='ltr'><strong>incitavit,</strong></span> <span class='ocrx_word' id='word_1_112' title='bbox 968 1587 1038 1643; x_wconf 88' lang='lat' dir='ltr'><strong>qui</strong></span> <span class='ocrx_word' id='word_1_113' title='bbox 1087 1589 1346 1644; x_wconf 77' lang='lat' dir='ltr'><strong>Religioni,</strong></span> 
     </span>
     <span class='ocr_line' id='line_1_19' title="bbox 246 1669 1344 1726; baseline -0.001 -12"><span class='ocrx_word' id='word_1_114' title='bbox 246 1675 481 1715; x_wconf 76' lang='lat' dir='ltr'><strong>Ecclesiae</strong></span> <span class='ocrx_word' id='word_1_115' title='bbox 499 1703 511 1724; x_wconf 88' lang='lat'>,</span> <span class='ocrx_word' id='word_1_116' title='bbox 560 1673 828 1726; x_wconf 74' lang='lat' dir='ltr'><strong>Theologiae</strong></span> <span class='ocrx_word' id='word_1_117' title='bbox 877 1669 1010 1722; x_wconf 84' lang='lat' dir='ltr'><strong>adeo,</strong></span> <span class='ocrx_word' id='word_1_118' title='bbox 1060 1684 1144 1712; x_wconf 87' lang='lat' dir='ltr'><strong>non</strong></span> <span class='ocrx_word' id='word_1_119' title='bbox 1186 1670 1344 1721; x_wconf 81' lang='lat' dir='ltr'><strong>minus,</strong></span> 
     </span>
     <span class='ocr_line' id='line_1_20' title="bbox 247 1753 1343 1813; baseline -0.001 -14"><span class='ocrx_word' id='word_1_120' title='bbox 247 1772 372 1813; x_wconf 81' lang='lat' dir='ltr'><strong>quam</strong></span> <span class='ocrx_word' id='word_1_121' title='bbox 414 1755 579 1800; x_wconf 86' lang='lat' dir='ltr'><strong>Patriae</strong></span> <span class='ocrx_word' id='word_1_122' title='bbox 620 1763 660 1798; x_wconf 87' lang='lat' dir='ltr'><strong>et</strong></span> <span class='ocrx_word' id='word_1_123' title='bbox 692 1753 967 1813; x_wconf 82' lang='lat' dir='ltr'><strong>Reipublicae</strong></span> <span class='ocrx_word' id='word_1_124' title='bbox 1001 1754 1127 1797; x_wconf 87' lang='lat' dir='ltr'><strong>vitam</strong></span> <span class='ocrx_word' id='word_1_125' title='bbox 1163 1754 1343 1809; x_wconf 77' lang='lat' dir='ltr'><strong>dicaret3</strong></span> 
     </span>
     <span class='ocr_line' id='line_1_21' title="bbox 246 1838 1001 1898; baseline -0.001 -15"><span class='ocrx_word' id='word_1_126' title='bbox 246 1840 360 1897; x_wconf 90' lang='lat' dir='ltr'><strong>quod</strong></span> <span class='ocrx_word' id='word_1_127' title='bbox 379 1872 391 1893; x_wconf 86' lang='lat'><strong><em>,</em></strong></span> <span class='ocrx_word' id='word_1_128' title='bbox 424 1842 521 1897; x_wconf 80' lang='lat' dir='ltr'><strong>age!</strong></span> <span class='ocrx_word' id='word_1_129' title='bbox 560 1838 704 1898; x_wconf 87' lang='lat' dir='ltr'><strong>paucis</strong></span> <span class='ocrx_word' id='word_1_130' title='bbox 731 1852 1001 1896; x_wconf 84' lang='lat' dir='ltr'><strong>exponamus.</strong></span> 
     </span>
    </p>
   </div>
   <div class='ocr_carea' id='block_1_3' title="bbox 248 2003 1346 2231">
    <p class='ocr_par' dir='ltr' id='par_1_4' title="bbox 248 2003 1346 2231">
     <span class='ocr_line' id='line_1_22' title="bbox 301 2003 1346 2063; baseline -0.001 -14"><span class='ocrx_word' id='word_1_131' title='bbox 301 2007 400 2050; x_wconf 81' lang='lat' dir='ltr'><strong>Fuit</strong></span> <span class='ocrx_word' id='word_1_132' title='bbox 436 2006 587 2049; x_wconf 83' lang='lat' dir='ltr'><strong>haecce</strong></span> <span class='ocrx_word' id='word_1_133' title='bbox 625 2004 838 2063; x_wconf 80' lang='lat' dir='ltr'><strong>peculiaris</strong></span> <span class='ocrx_word' id='word_1_134' title='bbox 870 2004 976 2047; x_wconf 88' lang='lat' dir='ltr'><strong>illius</strong></span> <span class='ocrx_word' id='word_1_135' title='bbox 1013 2003 1100 2048; x_wconf 83' lang='lat' dir='ltr'><strong>aevi</strong></span> <span class='ocrx_word' id='word_1_136' title='bbox 1131 2004 1265 2056; x_wconf 83' lang='lat' dir='ltr'><strong>ratio,</strong></span> <span class='ocrx_word' id='word_1_137' title='bbox 1302 2012 1346 2048; x_wconf 89' lang='lat' dir='ltr'><strong>ut</strong></span> 
     </span>
     <span class='ocr_line' id='line_1_23' title="bbox 248 2087 1345 2148; baseline -0.004 -13"><span class='ocrx_word' id='word_1_138' title='bbox 248 2106 348 2135; x_wconf 87' lang='lat' dir='ltr'><strong>cum.</strong></span> <span class='ocrx_word' id='word_1_139' title='bbox 386 2089 532 2148; x_wconf 82' lang='lat' dir='ltr'><strong>peritia</strong></span> <span class='ocrx_word' id='word_1_140' title='bbox 580 2088 748 2148; x_wconf 89' lang='lat' dir='ltr'><strong>politica</strong></span> <span class='ocrx_word' id='word_1_141' title='bbox 786 2095 825 2131; x_wconf 87' lang='lat' dir='ltr'><strong>et</strong></span> <span class='ocrx_word' id='word_1_142' title='bbox 863 2087 1028 2130; x_wconf 89' lang='lat' dir='ltr'><strong>militari</strong></span> <span class='ocrx_word' id='word_1_143' title='bbox 1074 2095 1186 2131; x_wconf 86' lang='lat' dir='ltr'><strong>arcte</strong></span> <span class='ocrx_word' id='word_1_144' title='bbox 1221 2102 1345 2145; x_wconf 85' lang='lat' dir='ltr'><strong>saepe</strong></span> 
     </span>
     <span class='ocr_line' id='line_1_24' title="bbox 249 2170 1346 2231; baseline -0.003 -13"><span class='ocrx_word' id='word_1_145' title='bbox 249 2174 594 2231; x_wconf 79' lang='lat' dir='ltr'><strong>conjungerentur</strong></span> <span class='ocrx_word' id='word_1_146' title='bbox 624 2171 874 2229; x_wconf 78' lang='lat' dir='ltr'><strong>Theologiae</strong></span> <span class='ocrx_word' id='word_1_147' title='bbox 909 2170 1070 2223; x_wconf 83' lang='lat' dir='ltr'><strong>studia,</strong></span> <span class='ocrx_word' id='word_1_148' title='bbox 1105 2186 1126 2214; x_wconf 83' lang='lat' dir='ltr'><strong>c</strong></span> <span class='ocrx_word' id='word_1_149' title='bbox 1159 2171 1346 2230; x_wconf 79' lang='lat' dir='ltr'><strong>Religio-</strong></span> 
     </span>
    </p>
   </div>
   <div class='ocr_carea' id='block_1_4' title="bbox 1515 0 1544 2693">
    <p class='ocr_par' dir='ltr' id='par_1_5' title="bbox 1515 0 1544 2693">
     <span class='ocr_line' id='line_1_25' title="bbox 1515 0 1544 2693; baseline 0 0"><span class='ocrx_word' id='word_1_150' title='bbox 1515 0 1544 2693; x_wconf 95' lang='lat' dir='ltr'><strong> </strong></span> 
     </span>
    </p>
   </div>
  </div>
 </body>
</html>
