1487 2703
201 191 257 227 st72
427 177 1088 220 COMMENTATIO

210 285 277 324 viri
303 284 546 333 amplissimi,
572 287 680 336 cujus
709 288 942 326 auctoritatis
970 291 1206 339 caeteroquin
1231 293 1315 340 plu·

209 355 341 393 simum
368 354 547 404 facimus,
576 356 719 404 quippe
755 358 819 404 qui
846 357 925 404 ipse
953 358 1048 396 inter
1082 360 1234 399 Codicis
1261 352 1317 398 re-

208 425 376 463 dactores
410 424 508 473 fuit3
563 425 596 463 ei
632 427 699 463 hac
731 426 769 463 in
806 438 843 464 re
880 428 1048 465 assentiri
1082 440 1159 467 non
1185 441 1320 478 possu-

208 506 316 533 mus:
346 496 515 543 quamvis
556 496 677 534 eadem
715 496 907 534 distinctio
938 497 1149 537 admittatur
1179 511 1199 537 a
1226 510 1319 538 non·

209 565 322 602 nullis
356 565 546 603 veteribus
576 565 760 603 Francicis
795 566 1044 614 scriptoribus
1071 567 1156 618 (1).

261 635 405 673 Contra
436 645 555 681 vero,
610 635 758 680 quoties
803 634 840 671 in
883 643 1076 672 contractu
1113 647 1222 673 causa
1257 646 1322 673 ex·

209 716 335 753 pressa
357 704 430 750 sit,
456 704 630 752 debitor,
660 703 723 751 qui
743 705 955 752 contendit,
983 717 1058 743 eam
1085 716 1205 743 veram
1233 716 1321 744 cau-

207 785 284 812 sam
315 784 390 811 non
423 772 570 821 fuisse,
595 774 675 822 ipse
710 775 781 811 hoc
815 775 970 822 probare
996 775 1129 823 debet3
1159 775 1317 824 pariter,

208 844 242 881 si
275 855 420 881 causam
456 843 582 880 falsam
618 853 682 880 aut
719 843 880 881 illicitam
908 856 1015 890 esse,
1038 845 1172 893 arguit.
1227 845 1318 883 Om-

206 912 319 950 nibus
342 913 401 950 his
430 912 601 958 casibus,
629 924 706 950 non
736 914 894 961 amplius
924 914 1035 962 objici
1058 923 1203 962 potest,
1232 927 1319 962 pro-

207 982 293 1019 bare
324 981 457 1020 debere
474 993 556 1019 eum
577 1009 590 1028 ‚
614 983 678 1029 qui
713 982 825 1027 dicit,
852 993 951 1029 non,
978 986 1042 1030 qui
1064 977 1196 1031 negat,
1225 995 1319 1031 quo·

206 1051 302 1089 niam
347 1061 445 1088 nunc
493 1061 578 1088 reus
622 1050 839 1098 excipiendo
882 1060 984 1089 actor
1038 1051 1189 1100 factus,
1239 1064 1316 1090 non

207 1122 364 1170 amplius
395 1129 533 1168 negat,
560 1120 626 1157 sed
658 1120 748 1159 dicit
775 1122 857 1169 (2).
883 1148 885 1150 -
1158 1173 1174 1190 ο
1212 1174 1248 1225 Q

1134 1188 1154 1212 2
1178 1201 1189 1212 .
1253 1186 1317 1213 uo-

206 1262 371 1296 judicatum
391 1271 615 1299 esse,apparet
640 1272 679 1292 ex
705 1263 837 1299 sircy‚
868 1265 942 1292 Rec.
959 1273 1030 1300 gen.
1057 1264 1107 1292 eles
1133 1267 1191 1293 lois
1217 1272 1249 1293 et
1265 1267 1316 1293 det

205 1320 330 1354 arre‘ts,
357 1320 448 1348 Tom.
479 1330 506 1355 7.
534 1329 564 1355 p.
595 1330 622 1349 2.
649 1329 682 1355 p.
705 1325 770 1355 8-7.
815 1323 954 1348 Attamen
981 1321 1070 1349 rebus
1093 1320 1232 1354 judicatis
1254 1330 1315 1351 non

206 1382 314 1404 tantam
341 1376 501 1405 tribuimus
528 1377 752 1410 auctoritatem,
787 1384 819 1405 ut
843 1377 879 1405 ab
904 1385 1002 1406 earum
1029 1377 1234 1407 decisionibus
1264 1380 1316 1407 de-

205 1434 315 1459 cedere
339 1440 399 1460 non
425 1432 531 1465 liceat,
570 1433 629 1462 nisi
654 1433 741 1466 justis
767 1434 898 1462 munitae
925 1434 984 1462 sint
1011 1435 1209 1469 argumentis,
1239 1443 1315 1470 quae

204 1489 254 1517 hic
287 1488 418 1516 deficere
450 1488 538 1517 nobis
574 1489 728 1518 videntur.
783 1490 907 1523 Ele-gans
933 1493 1018 1518 locus
1050 1492 1105 1518 hac
1136 1492 1173 1519 de
1205 1499 1238 1519 re
1268 1492 1318 1521 Ct.

203 1549 345 1580 Meyer
373 1546 471 1574 estin
498 1553 591 1580 opere
617 1545 707 1574 CCII.
736 1546 810 1574 den
836 1547 915 1574 Tex
943 1554 974 1574 et
999 1555 1070 1574 van
1098 1548 1206 1582 Hall,
1244 1549 1316 1583 Bis-

201 1606 317 1640 dragen
344 1610 389 1630 tot
412 1603 446 1631 de
476 1604 769 1639 Regtsgcleerdheid
792 1611 876 1638 etc.‚
898 1604 936 1632 T.
967 1604 1043 1632 VIII.
1069 1612 1135 1639 pag.
1149 1606 1199 1640 46.
1227 1613 1314 1641 seqq.

203 1662 282 1690 Add.
307 1660 431 1689 omnino
460 1660 507 1689 CI.
536 1661 580 1687 de
612 1662 711 1693 wal,
746 1670 817 1689 orer
841 1661 875 1688 de
903 1661 1024 1690 invloed
1049 1671 1108 1689 van
1133 1663 1314 1690 Wethoeken

203 1720 235 1744 in
262 1717 295 1744 de
327 1719 396 1744 taal
421 1717 470 1743 cles
499 1717 607 1750 lande,
629 1724 689 1745 etc.
714 1725 782 1751 pag.
805 1725 910 1752 7—11.

241 1773 292 1810 (ι)
314 1773 382 1801 Vid.
405 1774 538 1801 Met-l..
563 1775 585 1802 1.
604 1775 695 1801 modo
721 1775 800 1802 laud.
821 1788 857 1795 —
879 1775 945 1803 Imo
965 1775 995 1802 in
1014 1775 1157 1810 disceptt.
1179 1775 1313 1805 concilii

203 1835 298 1860 status
321 1831 446 1858 eandem
470 1830 650 1858 sententiam
673 1831 752 1858 tueri
770 1831 829 1859 visi
845 1839 914 1859 sunt
930 1833 1032 1866 Ampl.
1054 1832 1264 1861 Tronchet
1281 1841 1312 1862 et

203 1888 400 1922 Pertalis,
429 1887 494 1917 vid.
527 1896 604 1922 opus
629 1889 710 1916 laud.
741 1888 921 1924 Confe'rcnce
954 1895 1036 1923 etc.‚
1066 1890 1089 1916 l.
1114 1890 1137 1917 1.
1171 1889 1312 1925 Quamvis

203 1953 302 1973 autem
328 1945 425 1979 magni
451 1944 589 1973 facienda
612 1945 650 1973 sit
667 1947 766 1979 legum
792 1945 1023 1981 interpretatio,
1040 1934 1074 1973 ab
1096 1945 1134 1974 iis
1151 1946 1237 1980 data,
1256 1954 1312 1975 nos

204 2009 301 2030 tamen
327 2009 365 2029 εο
384 2003 557 2037 perducere
584 2002 709 2037 nequit,
731 2009 763 2030 ut
786 2010 910 2037 propter
935 2011 998 2030 eam
1024 2010 1183 2031 annuamus
1201 2003 1313 2031 doctri·

204 2066 279 2091 nae,
316 2066 391 2092 quae
422 2058 559 2086 homines
589 2059 625 2086 ad
658 2057 859 2092 impossibilia
889 2057 1066 2094 compellit,
1103 2058 1185 2092 quod
1208 2059 1310 2086 locum

203 2115 333 2146 habere,
371 2115 395 2142 si
421 2115 517 2148 major
541 2115 661 2143 debitor
686 2115 816 2149 probare
841 2116 952 2149 debet,
992 2114 1206 2148 obligationem
1229 2123 1312 2143 caus·

204 2179 262 2199 sam
288 2179 346 2199 non
367 2172 496 2205 habere,
518 2178 550 2198 ut
575 2178 747 2205 speramus,
770 2171 839 2200 satis
866 2171 1146 2201 demonstravimus.

240 2229 274 2263 (2
314 2229 364 2257 Cf.
388 2227 524 2260 Pailh,
546 2229 579 2255 ad
597 2228 626 2256 h.
641 2234 696 2257 art.
713 2227 765 2256 ηρ.
784 2236 817 2261 1;
839 2228 1050 2264 Zacharia,
1069 2229 1134 2257 1.1.
1170 2231 1248 2259 ΑΜ.
1275 2232 1313 2259 de

205 2295 272 2315 casu
292 2285 387 2322 priori
405 2293 451 2314 res
470 2285 600 2323 judicata
617 2286 695 2321 apud
713 2288 731 2314 S
744 2285 752 2313 i
766 2293 852 2321 rey,
873 2288 895 2317 1.
915 2288 937 2314 1.
961 2294 1027 2321 pag.
1050 2288 1116 2316 818.
