1544 2693
287 173 344 215 34
492 166 674 216 HERM.
709 166 833 213 JOH.
868 167 1188 213 ROYAARDS

290 315 413 351 atrox
431 339 442 360 ,
471 306 660 363 regiones
686 303 912 358 invadens,
952 303 1111 355 aerisve
1141 309 1368 362 tempestas
1387 335 1399 356 ,

285 405 459 449 prorsus
507 389 704 440 adversa,
749 387 887 440 nulla,
946 387 1045 443 quin
1101 387 1155 430 ad
1196 386 1400 430 solemnes

285 488 433 532 preces
468 487 557 516 sese
585 477 845 515 converteret
872 471 1074 529 populus,
1110 478 1304 529 tempora
1332 469 1402 515 diq-

283 571 361 609 co,
393 556 544 613 quibus
569 560 786 614 reportata
822 552 1022 604 victoria,
1062 552 1202 597 aliisve
1236 551 1280 596 in
1313 553 1402 596 Pa·-

283 639 406 684 triam
446 638 662 683 cumulatis
692 637 773 681 Dei
799 636 1035 690 beneficiis,
1078 636 1133 679 ad
1172 636 1402 694 gratiarum

284 725 470 768 actiones
502 724 547 766 in
576 722 698 766 aedes
736 735 879 765 sacras
919 720 1079 764 solenni
1117 720 1200 764 ritu
1238 734 1403 766 convo-

283 816 449 853 caretur
480 822 580 866 gens
611 805 817 850 universa.
880 804 1127 863 Reputetis‚
1170 819 1296 862 quam
1332 805 1403 864 pie

283 893 377 936 illos
420 891 622 935 coluerint
659 889 748 934 dies
787 890 1018 933 nostrates!
1054 910 1059 914 ’
1091 888 1253 933 Horum
1302 903 1402 934 sane

282 977 443 1020 dierum
468 982 582 1019 tanta
612 974 672 1019 vis
698 973 942 1026 dicebatur,
974 980 1021 1017 ut
1055 980 1096 1017 et
1133 980 1282 1032 postea
1321 973 1402 1017 ad-

281 1060 452 1105 versarii
478 1058 613 1103 nostri
649 1057 780 1116 magis
813 1056 937 1101 etiam
973 1057 1119 1101 timere
1165 1057 1403 1102 dicerentur

282 1161 305 1187 a
334 1143 482 1187 diebus
519 1141 823 1186 Hollandorum
849 1139 1110 1193 solennibus,
1151 1154 1277 1196 quam
1303 1140 1402 1197 qui-

282 1228 377 1271 dem
404 1227 457 1273 ab
494 1225 598 1284 ipsis
628 1222 877 1268 nostratium
913 1221 1066 1277 armis;
1091 1222 1136 1265 id
1160 1229 1243 1266 est:
1269 1222 1403 1281 magis

282 1328 303 1354 a
336 1311 451 1363 Deo,
483 1324 611 1366 quam
651 1308 706 1352 ab
738 1307 991 1351 hominihus.

340 1478 521 1523 Omnem
582 1489 714 1534 porro
766 1474 963 1518 adeamus
1012 1473 1140 1516 vitam
1186 1472 1401 1531 politicam

281 1561 428 1620 gentis.
455 1583 514 1595 --
568 1561 743 1611 Nonne,
783 1572 910 1614 quam
950 1571 1052 1615 gens
1091 1563 1237 1600 nostra
1273 1556 1401 1601 coluit

279 1646 504 1705 pietatem,
525 1644 636 1687 hanc
662 1647 953 1700 expresserunt
980 1647 1188 1683 nostrates
1212 1639 1401 1689 numisf-

280 1729 529 1781 matibus,
554 1727 597 1772 id
619 1724 822 1784 temporis
849 1723 1010 1768 excusis
1027 1755 1039 1777 ,
1072 1707 1240 1780 suisque
1259 1738 1399 1768 num-

280 1811 380 1858 mis*
399 1821 525 1869 atque
563 1809 820 1854 monetis?
864 1807 1058 1859 Scilicet,
1104 1822 1232 1863 quam
1278 1807 1401 1852 fove-

283 1900 386 1942 bant
414 1896 662 1941 sententiam
689 1894 741 1937 de
766 1893 892 1936 rebus
918 1891 1002 1935 suis
1030 1890 1208 1950 publicis
1230 1891 1400 1936 abunde

283 1982 521 2042 probarunt
555 1975 923 2035 inscriptionibus,
960 1974 1110 2031 quihus
1147 1975 1287 2034 palam
1316 1974 1400 2019 Dei

282 2075 322 2111 et
354 2064 562 2123 religionis
589 2076 757 2106 causam
782 2059 1105 2119 profitebantur.
1151 2058 1239 2102 Has
1259 2065 1397 2106 autem

279 2151 478 2211 pietatem
506 2148 665 2192 referre
701 2160 826 2189 nemo
857 2143 975 2187 sacile
1001 2142 1236 2200 negaverit,
1271 2143 1398 2200 paulo

283 2235 490 2280 attentior.
564 2231 661 2275 Fuit
705 2229 810 2274 enim
864 2228 995 2271 hocce
1037 2227 1088 2271 iis
1137 2227 1395 2285 temporibus

1536 854 1544 929 ᾗ

1532 981 1544 1142 3

1531 1150 1544 1210 ἱ.

1527 1358 1529 1380 l

1527 1382 1529 1406 Ι
