1487 2703
270 214 316 251 52
466 199 1150 241 .coMMENTAT10

261 321 471 359 numquam
502 309 591 347 satis
627 309 825 347 stercorari
861 319 1001 356 posse,
1054 309 1376 358 nempe-videmus

270 381 409 418 Solana
430 381 667 428 vegetatione
692 379 902 416 luxuriante
921 406 934 423 ‚
963 390 1117 416 numero
1143 380 1289 427 quidem
1318 390 1383 416 au—

269 449 369 498 geri,
397 449 649 498 magnitudine
670 459 762 487 vero
785 457 897 495 atque
918 448 1056 486 virtute
1079 448 1261 495 diminui,
1288 450 1381 486 hanc

217 564 221 567 χ
268 520 506 558 assertionem
545 527 666 556 autem
706 518 944 566 intelligimus
981 527 1154 566 tanquam
1196 520 1382 567 vulgarem

266 589 413 628 dicendi
456 588 632 628 rationem
654 617 667 635 ‚
725 599 797 635 qua
834 585 964 626 auct'or
1002 588 1162 626 indicare
1197 597 1382 635 conatur,

267 659 408 697 Solana
442 659 481 696 in
517 659 611 697 locis
641 658 861 705 sterilibus,
904 669 1067 706 magnam
1109 658 1285 696 stercoris
1321 670 1387 696 co-

268 730 365 777 piam
395 729 597 776 requirere.
663 727 861 778 Quidquid
894 729 974 773 sit,
1011 736 1111 774 patet
1147 727 1385 765 stercoratio-

267 810 350 837 nem
383 797 606 848 experientia
630 799 721 846 ipsa.
742 796 884 845 optime
906 796 1074 844 deliniri;
1103 797 1140 834 in
1166 806 1298 842 genere
1333 806 1387 835 at-

265 878 390 908 tamen
417 868 619 915 statuitur,
647 877 693 905 ne
720 877 829 903 manu
853 877 960 914 parca
979 866 1041 904 fiat
1063 866 1149 914 quia
1174 875 1380 915 proventus

267 950 289 975 a
321 937 536 985 copiosiore
565 938 623 974 vel
656 936 823 984 parciore
844 937 1112 973 stercoratione
1133 937 1290 974 multum
1320 937 1382 975 de-

268 1008 443 1056 pendeat.

319 1077 511 1128 Quaenam
532 1087 621 1114 vero
654 1076 828 1115 stercoris
854 1076 995 1124 species
1025 1075 1262 1114 adhibenda?
1302 1076 1386 1114 No·

267 1157 346 1186 tum
378 1156 464 1194 est,
492 1146 667 1185 stercoris
695 1146 793 1184 vires
818 1145 966 1184 differre
1005 1157 1075 1194 pro
1106 1145 1325 1184 animalibus
1362 1157 1382 1182 a

268 1217 408 1264 quibus
442 1216 695 1266 producitur,
738 1225 774 1254 et
804 1227 873 1264 pro
910 1216 1095 1255 alimentis
1137 1215 1278 1263 quibus
1322 1215 1384 1253 illa

267 1295 451 1333 utuntur3
491 1286 544 1324 sic
583 1286 862 1335 praeferendum
896 1294 953 1324 est
992 1295 1136 1323 stercus
1173 1285 1382 1324 animalium

267 1356 462 1405 pinguium
482 1382 496 1402 ‚
533 1356 665 1394 melius
697 1367 850 1403 quoque
884 1364 941 1393 est
976 1367 1134 1403 eorum,
1175 1367 1268 1403 quae
1300 1368 1384 1394 ves·

266 1436 404 1464 cuntur
434 1425 668 1472 cerealibus,
707 1437 816 1472 quam
850 1425 1086 1472 animalium,
1125 1437 1218 1473 quae
1253 1427 1384 1474 grami-

267 1507 339 1540 na,
368 1493 520 1532 foenum
537 1496 596 1532 vel
620 1504 780 1532 stramen
805 1503 1074 1533 assumserunt.
1108 1495 1227 1533 Porro
1258 1497 1382 1543 quoad

266 1564 364 1603 vires
388 1564 560 1612 sequenti
584 1564 696 1601 modo
722 1564 796 1602 sibi
827 1567 1078 1612 insequuntur
1101 1565 1278 1603 stercoris
1303 1565 1382 1603 ani·

265 1634 371 1672 malis
395 1634 744 1682 speciestscilicet‚
764 1634 891 1672 ovium
911 1663 925 1681 ‚
954 1646 1136 1681 equorum
1163 1643 1378 1683 vetustum,

265 1715 447 1752 equorum
493 1715 649 1750 recens,
690 1715 883 1742 vaccarum
918 1713 1135 1751 vetustum,
1186 1716 1379 1744 vaccarum

265 1784 407 1812 recens,
485 1774 667 1812 Stercoris
703 1782 824 1811 tamen
862 1773 1016 1811 efficacia
1056 1774 1268 1822 oppositam
1305 1774 1383 1813 fere

266 1845 441 1882 rationem
470 1855 616 1882 servare
636 1844 809 1889 videtur,
839 1844 888 1882 ita
915 1853 957 1882 ut
981 1844 1074 1882 illud
1089 1855 1279 1883 vaccarum
1301 1847 1378 1883 vim

264 1926 368 1951 suam
401 1915 519 1952 adhuc
557 1922 747 1959 exerceat,
788 1914 936 1960 quando
962 1913 1088 1951 ovium
1128 1925 1274 1952 omnem
1304 1916 1378 1963 J'am

265 1984 453 2031 amiserit,
480 1993 593 2031 atque
620 1985 710 2021 hanc
749 1984 797 2022 ob
817 1996 963 2022 causam
996 1983 1055 2021 hic
1081 1984 1195 2031 vulgo
1220 1993 1379 2022 utuntur

265 2062 429 2092 stercore
467 2065 657 2092 vaccarum
712 2054 887 2091 stramine
936 2053 1080 2099 mixto‚
1144 2062 1180 2091 et
1228 2054 1376 2100 quidem

264 2135 341 2165 non
368 2123 479 2161 nimis
507 2123 750 2161 fermentante
772 2125 904 2173 (lange
931 2124 1042 2172 mest)
1069 2123 1106 2160 in
1140 2122 1249 2161 terris
1277 2135 1379 2162 com-

266 2193 495 2241 pactioribus
512 2202 548 2231 et
576 2193 777 2241 argillaceis
792 2221 805 2239 ‚
822 2205 914 2240 quae
939 2193 1024 2230 inde
1048 2193 1191 2230 relaxae
1218 2193 1377 2232 reddun-

266 2273 350 2310 πυτς
379 2272 564 2302 caeterum
593 2275 671 2310 quo
699 2263 812 2311 magis
840 2263 919 2311 ipsa
952 2263 1090 2300 Solana
1124 2262 1303 2310 attingat,
1331 2274 1376 2300 eo

1305 2343 1380 2369 me·
