1487 2703
443 489 709 534 PARS
763 491 1117 535 PRIMA.

599 642 972 675 nts'roMA.

553 788 1041 818 ’ἢῆ-μ...-

293 940 352 1000 In
410 959 527 1008 prima
572 960 800 1008 quaestionis
845 970 950 1009 parte
996 962 1210 1009 exponenda
1262 961 1352 999 rnihi

247 1029 478 1067 difficultates
523 1029 779 1069 dissolvendas
827 1031 908 1070 fore
928 1060 941 1079 ‚
994 1031 1040 1071 iis
1091 1033 1189 1071 haud
1235 1031 1356 1070 mino-

244 1112 302 1138 res
350 1111 441 1149 quas
483 1100 623 1148 etiam,
662 1103 812 1140 aliarum
851 1113 971 1140 rerum
1017 1102 1202 1150 expositio
1240 1103 1358 1141 histo-

251 1173 324 1210 rica
341 1202 354 1218 ‚
381 1183 504 1210 secum
546 1171 642 1210 ferre
666 1173 788 1219 solet,
815 1151 908 1210 bene
941 1172 1089 1222 percepi
1121 1181 1160 1212 et
1189 1173 1358 1221 quamvis

246 1242 471 1290 argumentis
504 1241 666 1280 indubiis
695 1251 809 1291 atque
836 1243 1017 1290 exquisita
1049 1242 1270 1281 certitudine
1306 1243 1364 1280 in-

248 1313 369 1351 dicare
414 1313 652 1351 desiderarem
696 1313 840 1351 cuinam
886 1313 1012 1352 Solam·
1047 1312 1209 1350 tabet-osi
1247 1311 1365 1350 intro-

249 1382 461 1421 ductionem
505 1382 544 1420 in
583 1382 773 1430 Europam
824 1381 1048 1429 debeamus,
1087 1383 1196 1420 doleo
1225 1382 1264 1420 id
1298 1382 1366 1420 mi·

252 1453 291 1492 hi
310 1464 386 1492 non
412 1452 641 1501 contigisse3
669 1453 799 1499 sicque
830 1452 1102 1490 necessitudine
1132 1460 1284 1490 coactus
1309 1452 1366 1490 ni·

252 1523 306 1561 hil
335 1523 435 1561 aliud
467 1534 619 1571 possum
638 1550 652 1569 ,
680 1523 752 1561 nisi
784 1521 981 1571 opiniones
1007 1521 1174 1570 proferre
1207 1534 1334 1560 eorum
1355 1550 1368 1568 ‚

251 1592 317 1640 qui
350 1591 444 1629 inter
485 1602 526 1629 se
568 1591 821 1639 dissentiunt,
863 1603 951 1630 num
996 1591 1166 1630 Drake
1201 1603 1247 1630 an
1284 1593 1367 1631 Ra-

252 1662 394 1712 leigh
433 1664 492 1700 vel
533 1662 784 1701 Hawkins
822 1673 893 1700 nos
930 1661 1065 1700 eximio
1093 1663 1208 1702 hocce
1239 1662 1366 1702 fructu

260 1733 506 1781 donaverint,
534 1743 569 1770 et
604 1733 657 1771 sic
693 1733 868 1780 veritati,
898 1745 1006 1781 quam
1043 1742 1157 1771 totam
1197 1735 1369 1783 amplecti

260 1812 470 1854 optaveram
492 1832 503 1852 ,
532 1804 702 1853 proxime
740 1804 909 1842 accedere
934 1804 1113 1841 conabor„

311 1874 442 1912 Refert
483 1874 578 1912 enim
624 1875 749 1913 Puts
768 1874 884 1921 che,
927 1875 1066 1913 Solana
1108 1873 1144 1912 in
1182 1875 1370 1923 Europam

261 1954 508 1994 transportata
535 1944 654 1985 fuisse
694 1957 712 1982 a
744 1944 874 1995 John
911 1944 1195 1990 Hawkins,
1240 1946 1378 1999 venali-

259 2014 342 2059 tio,
371 2015 436 2063 qui
464 2026 506 2054 ea
529 2014 601 2053 ΑΟ.
646 2019 756 2063 1565.
795 2026 814 2052 e
843 2015 965 2053 Sama
991 2015 1047 2054 Fe
1076 2014 1120 2053 de
1157 2015 1297 2065 Bogota
1334 2017 1379 2054 ad

264 2083 478 2123 Hiberniam
509 2085 723 2132 attulisset3
780 2097 800 2122 a
846 2084 1012 2123 Drake
1048 2096 1166 2132 vero,
1208 2086 1382 2124 Archita·

260 2154 360 2193 lasso
400 2153 525 2203 Anglo
559 2154 718 2202 primum
746 2155 785 2193 in
810 2156 999 2204 Europam
1022 2158 1284 2204 transplantata
1328 2157 1383 2195 di·

266 2223 343 2270 cit,
372 2233 569 2273 postquam
599 2235 730 2274 nempe
758 2226 826 2264 ΑΟ.
863 2228 970 2273 1578.
1001 2225 1039 2263 in
1069 2226 1286 2267 excursione
1316 2239 1382 2266 sua

1342 2305 1386 2341 ad
