<?xml version="1.0" encoding="UTF-8"?>
<!DOCTYPE html PUBLIC "-//W3C//DTD XHTML 1.0 Transitional//EN"
    "http://www.w3.org/TR/xhtml1/DTD/xhtml1-transitional.dtd">
<html xmlns="http://www.w3.org/1999/xhtml" xml:lang="en" lang="en">
 <head>
  <title>
</title>
<meta http-equiv="Content-Type" content="text/html;charset=utf-8" />
  <meta name='ocr-system' content='tesseract 3.04.00' />
  <meta name='ocr-capabilities' content='ocr_page ocr_carea ocr_par ocr_line ocrx_word'/>
</head>
<body>
  <div class='ocr_page' id='page_1' title='image "annalesacademiae34rhen_0719.png"; bbox 0 0 1487 2703; ppageno 0'>
   <div class='ocr_carea' id='block_1_1' title="bbox 321 165 1234 231">
    <p class='ocr_par' dir='ltr' id='par_1_1' title="bbox 321 165 1234 231">
     <span class='ocr_line' id='line_1_1' title="bbox 321 165 1234 231; baseline 0.003 -27"><span class='ocrx_word' id='word_1_1' title='bbox 321 165 600 209; x_wconf 83' lang='lat' dir='ltr'>BOTANICO</span> <span class='ocrx_word' id='word_1_2' title='bbox 616 189 627 231; x_wconf 27' lang='lat'>‘¹</span> <span class='ocrx_word' id='word_1_3' title='bbox 640 166 1027 207; x_wconf 85' lang='lat' dir='ltr'><strong>OECONOMICA.</strong></span> <span class='ocrx_word' id='word_1_4' title='bbox 1189 181 1234 217; x_wconf 82' lang='lat'>43</span> 
     </span>
    </p>
   </div>
   <div class='ocr_carea' id='block_1_2' title="bbox 113 277 1248 1739">
    <p class='ocr_par' dir='ltr' id='par_1_2' title="bbox 113 277 1248 1739">
     <span class='ocr_line' id='line_1_2' title="bbox 113 277 1248 328; baseline -0.003 -10"><span class='ocrx_word' id='word_1_5' title='bbox 113 291 155 318; x_wconf 86' lang='lat' dir='ltr'>ea</span> <span class='ocrx_word' id='word_1_6' title='bbox 186 279 364 328; x_wconf 83' lang='lat' dir='ltr'>opinione</span> <span class='ocrx_word' id='word_1_7' title='bbox 385 280 522 318; x_wconf 85' lang='lat' dir='ltr'>versari</span> <span class='ocrx_word' id='word_1_8' title='bbox 559 289 781 328; x_wconf 83' lang='lat' dir='ltr'><strong>possemus,</strong></span> <span class='ocrx_word' id='word_1_9' title='bbox 822 287 993 326; x_wconf 79' lang='lat' dir='ltr'>tanquam</span> <span class='ocrx_word' id='word_1_10' title='bbox 1033 278 1065 317; x_wconf 87' lang='lat' dir='ltr'>si</span> <span class='ocrx_word' id='word_1_11' title='bbox 1097 277 1248 317; x_wconf 83' lang='lat' dir='ltr'>sibimet</span> 
     </span>
     <span class='ocr_line' id='line_1_3' title="bbox 124 341 1240 398; baseline -0.002 -11"><span class='ocrx_word' id='word_1_12' title='bbox 124 350 210 398; x_wconf 79' lang='lat' dir='ltr'>ipso</span> <span class='ocrx_word' id='word_1_13' title='bbox 236 349 419 387; x_wconf 88' lang='lat' dir='ltr'>blocutus-</span> <span class='ocrx_word' id='word_1_14' title='bbox 441 349 576 387; x_wconf 83' lang='lat' dir='ltr'>fuisset</span> <span class='ocrx_word' id='word_1_15' title='bbox 599 348 657 385; x_wconf 88' lang='lat' dir='ltr'>vir</span> <span class='ocrx_word' id='word_1_16' title='bbox 681 341 783 386; x_wconf 88' lang='lat' dir='ltr'>Clar.</span> <span class='ocrx_word' id='word_1_17' title='bbox 805 377 817 394; x_wconf 85' lang='lat'>‚</span> <span class='ocrx_word' id='word_1_18' title='bbox 840 359 1073 395; x_wconf 85' lang='lat' dir='ltr'>nequaquam</span> <span class='ocrx_word' id='word_1_19' title='bbox 1094 356 1213 385; x_wconf 87' lang='lat' dir='ltr'>autem</span> <span class='ocrx_word' id='word_1_20' title='bbox 1228 377 1240 394; x_wconf 85' lang='lat'>,</span> 
     </span>
     <span class='ocr_line' id='line_1_4' title="bbox 115 411 1240 468; baseline -0.003 -11"><span class='ocrx_word' id='word_1_21' title='bbox 115 419 218 468; x_wconf 85' lang='lat' dir='ltr'>prius</span> <span class='ocrx_word' id='word_1_22' title='bbox 248 420 341 457; x_wconf 87' lang='lat' dir='ltr'>enim</span> <span class='ocrx_word' id='word_1_23' title='bbox 367 419 571 466; x_wconf 79' lang='lat' dir='ltr'>indicavit,</span> <span class='ocrx_word' id='word_1_24' title='bbox 600 430 641 456; x_wconf 85' lang='lat' dir='ltr'>ea</span> <span class='ocrx_word' id='word_1_25' title='bbox 672 428 804 455; x_wconf 86' lang='lat' dir='ltr'>terram</span> <span class='ocrx_word' id='word_1_26' title='bbox 822 429 899 455; x_wconf 91' lang='lat' dir='ltr'>non</span> <span class='ocrx_word' id='word_1_27' title='bbox 924 411 1240 464; x_wconf 78' lang='lat' dir='ltr'>exhaurire‚dum</span> 
     </span>
     <span class='ocr_line' id='line_1_5' title="bbox 118 486 1239 534; baseline -0.004 -8"><span class='ocrx_word' id='word_1_28' title='bbox 118 489 260 526; x_wconf 78' lang='lat' dir='ltr'>scilicet</span> <span class='ocrx_word' id='word_1_29' title='bbox 283 490 374 527; x_wconf 86' lang='lat' dir='ltr'>bene</span> <span class='ocrx_word' id='word_1_30' title='bbox 397 498 637 526; x_wconf 82' lang='lat' dir='ltr'>stercoratur.</span> <span class='ocrx_word' id='word_1_31' title='bbox 662 487 732 534; x_wconf 80' lang='lat'>(1)</span> <span class='ocrx_word' id='word_1_32' title='bbox 775 488 920 525; x_wconf 64' lang='lat' dir='ltr'>&gt;Eadem</span> <span class='ocrx_word' id='word_1_33' title='bbox 954 490 1095 524; x_wconf 85' lang='lat' dir='ltr'>ratione</span> <span class='ocrx_word' id='word_1_34' title='bbox 1126 486 1239 523; x_wconf 85' lang='lat' dir='ltr'>nobis</span> 
     </span>
     <span class='ocr_line' id='line_1_6' title="bbox 117 557 1243 607; baseline -0.002 -11"><span class='ocrx_word' id='word_1_35' title='bbox 117 559 354 607; x_wconf 85' lang='lat' dir='ltr'>intelligenda</span> <span class='ocrx_word' id='word_1_36' title='bbox 367 559 541 596; x_wconf 83' lang='lat' dir='ltr'>videntur</span> <span class='ocrx_word' id='word_1_37' title='bbox 567 559 700 604; x_wconf 82' lang='lat' dir='ltr'>verba,</span> <span class='ocrx_word' id='word_1_38' title='bbox 716 558 832 605; x_wconf 86' lang='lat' dir='ltr'>priori</span> <span class='ocrx_word' id='word_1_39' title='bbox 857 559 972 595; x_wconf 82' lang='lat' dir='ltr'>Doct.</span> <span class='ocrx_word' id='word_1_40' title='bbox 989 557 1025 594; x_wconf 86' lang='lat' dir='ltr'><strong>T</strong></span> <span class='ocrx_word' id='word_1_41' title='bbox 1040 558 1062 594; x_wconf 92' lang='lat' dir='ltr'>h</span> <span class='ocrx_word' id='word_1_42' title='bbox 1078 569 1097 595; x_wconf 87' lang='lat' dir='ltr'>a</span> <span class='ocrx_word' id='word_1_43' title='bbox 1110 560 1129 595; x_wconf 75' lang='grc' dir='ltr'><strong>ἓ</strong></span> <span class='ocrx_word' id='word_1_44' title='bbox 1144 569 1161 594; x_wconf 88' lang='lat' dir='ltr'>r</span> <span class='ocrx_word' id='word_1_45' title='bbox 1185 569 1243 594; x_wconf 85' lang='lat' dir='ltr'>as-</span> 
     </span>
     <span class='ocr_line' id='line_1_7' title="bbox 119 629 1241 678; baseline -0.002 -11"><span class='ocrx_word' id='word_1_46' title='bbox 119 629 275 669; x_wconf 69' lang='lat' dir='ltr'>sentiani</span> <span class='ocrx_word' id='word_1_47' title='bbox 308 641 327 668; x_wconf 92' lang='lat' dir='ltr'>e</span> <span class='ocrx_word' id='word_1_48' title='bbox 356 629 535 667; x_wconf 87' lang='lat' dir='ltr'>diametro</span> <span class='ocrx_word' id='word_1_49' title='bbox 564 629 768 678; x_wconf 84' lang='lat' dir='ltr'>opposita,</span> <span class='ocrx_word' id='word_1_50' title='bbox 821 639 914 674; x_wconf 89' lang='lat' dir='ltr'>quae</span> <span class='ocrx_word' id='word_1_51' title='bbox 943 629 1117 675; x_wconf 86' lang='lat' dir='ltr'>leguntur</span> <span class='ocrx_word' id='word_1_52' title='bbox 1143 629 1241 675; x_wconf 86' lang='lat' dir='ltr'>apud</span> 
     </span>
     <span class='ocr_line' id='line_1_8' title="bbox 119 696 1240 746; baseline -0.003 -10"><span class='ocrx_word' id='word_1_53' title='bbox 119 710 208 737; x_wconf 80' lang='lat' dir='ltr'>von</span> <span class='ocrx_word' id='word_1_54' title='bbox 235 700 416 738; x_wconf 87' lang='lat' dir='ltr'>Schwe</span> <span class='ocrx_word' id='word_1_55' title='bbox 432 711 448 736; x_wconf 92' lang='lat' dir='ltr'>r</span> <span class='ocrx_word' id='word_1_56' title='bbox 467 711 514 736; x_wconf 90' lang='lat' dir='ltr'>z:</span> <span class='ocrx_word' id='word_1_57' title='bbox 549 727 573 746; x_wconf 87' lang='lat'><strong>„</strong></span> <span class='ocrx_word' id='word_1_58' title='bbox 595 699 707 745; x_wconf 87' lang='lat' dir='ltr'>quod·</span> <span class='ocrx_word' id='word_1_59' title='bbox 734 698 875 735; x_wconf 88' lang='lat' dir='ltr'>scilicet</span> <span class='ocrx_word' id='word_1_60' title='bbox 900 696 925 733; x_wconf 91' lang='lat' dir='ltr'>ii</span> <span class='ocrx_word' id='word_1_61' title='bbox 953 707 1028 733; x_wconf 87' lang='lat' dir='ltr'>rem</span> <span class='ocrx_word' id='word_1_62' title='bbox 1055 698 1240 734; x_wconf 84' lang='lat' dir='ltr'>sustinere</span> 
     </span>
     <span class='ocr_line' id='line_1_9' title="bbox 124 767 1240 816; baseline -0.004 -9"><span class='ocrx_word' id='word_1_63' title='bbox 124 797 148 816; x_wconf 78' lang='lat'>„</span> <span class='ocrx_word' id='word_1_64' title='bbox 174 780 251 807; x_wconf 89' lang='lat' dir='ltr'>non</span> <span class='ocrx_word' id='word_1_65' title='bbox 279 770 426 816; x_wconf 79' lang='lat' dir='ltr'>valant,</span> <span class='ocrx_word' id='word_1_66' title='bbox 456 769 521 816; x_wconf 90' lang='lat' dir='ltr'>qui</span> <span class='ocrx_word' id='word_1_67' title='bbox 547 778 695 816; x_wconf 87' lang='lat' dir='ltr'>ponunt</span> <span class='ocrx_word' id='word_1_68' title='bbox 721 769 899 806; x_wconf 76' lang='lat' dir='ltr'>Solamtm</span> <span class='ocrx_word' id='word_1_69' title='bbox 926 767 1135 803; x_wconf 75' lang='lat' dir='ltr'>tuberosum</span> <span class='ocrx_word' id='word_1_70' title='bbox 1166 775 1240 803; x_wconf 87' lang='lat' dir='ltr'>ter·</span> 
     </span>
     <span class='ocr_line' id='line_1_10' title="bbox 125 833 1242 886; baseline -0.002 -10"><span class='ocrx_word' id='word_1_71' title='bbox 125 856 148 886; x_wconf 81' lang='lat'>,·‚</span> <span class='ocrx_word' id='word_1_72' title='bbox 174 850 250 876; x_wconf 77' lang='lat' dir='ltr'>ram</span> <span class='ocrx_word' id='word_1_73' title='bbox 275 850 352 877; x_wconf 91' lang='lat' dir='ltr'>non</span> <span class='ocrx_word' id='word_1_74' title='bbox 381 839 597 886; x_wconf 82' lang='lat' dir='ltr'>exhaurire,</span> <span class='ocrx_word' id='word_1_75' title='bbox 634 839 774 886; x_wconf 77' lang='lat' dir='ltr'>quippe</span> <span class='ocrx_word' id='word_1_76' title='bbox 801 833 865 884; x_wconf 85' lang='lat' dir='ltr'>qui</span> <span class='ocrx_word' id='word_1_77' title='bbox 898 835 1136 883; x_wconf 86' lang='lat' dir='ltr'>decipiuntur</span> <span class='ocrx_word' id='word_1_78' title='bbox 1170 845 1242 874; x_wconf 85' lang='lat' dir='ltr'>ter-</span> 
     </span>
     <span class='ocr_line' id='line_1_11' title="bbox 124 907 1243 958; baseline -0.003 -11"><span class='ocrx_word' id='word_1_79' title='bbox 124 932 155 958; x_wconf 90' lang='lat'>‚-‚.</span> <span class='ocrx_word' id='word_1_80' title='bbox 173 921 233 947; x_wconf 88' lang='lat' dir='ltr'>rae</span> <span class='ocrx_word' id='word_1_81' title='bbox 276 910 518 957; x_wconf 79' lang='lat' dir='ltr'>deputatione</span> <span class='ocrx_word' id='word_1_82' title='bbox 562 917 598 946; x_wconf 95' lang='lat' dir='ltr'>et</span> <span class='ocrx_word' id='word_1_83' title='bbox 640 908 816 946; x_wconf 80' lang='lat' dir='ltr'>facilitate</span> <span class='ocrx_word' id='word_1_84' title='bbox 842 936 855 954; x_wconf 86' lang='lat'>‚</span> <span class='ocrx_word' id='word_1_85' title='bbox 910 918 1018 954; x_wconf 83' lang='lat' dir='ltr'>quam</span> <span class='ocrx_word' id='word_1_86' title='bbox 1066 907 1243 953; x_wconf 83' lang='lat' dir='ltr'>relinquit</span> 
     </span>
     <span class='ocr_line' id='line_1_12' title="bbox 125 976 1244 1027; baseline -0.002 -9"><span class='ocrx_word' id='word_1_87' title='bbox 125 981 158 1027; x_wconf 62' lang='lat'>„⁴</span> <span class='ocrx_word' id='word_1_88' title='bbox 176 981 308 1019; x_wconf 87' lang='lat' dir='ltr'>haecce</span> <span class='ocrx_word' id='word_1_89' title='bbox 328 982 576 1019; x_wconf 77' lang='lat' dir='ltr'>cultura&#39;&#39;—</span> <span class='ocrx_word' id='word_1_90' title='bbox 601 989 700 1018; x_wconf 87' lang='lat' dir='ltr'>certe</span> <span class='ocrx_word' id='word_1_91' title='bbox 733 987 853 1015; x_wconf 88' lang='lat' dir='ltr'>tamen</span> <span class='ocrx_word' id='word_1_92' title='bbox 879 976 1051 1024; x_wconf 81' lang='lat' dir='ltr'>egregius</span> <span class='ocrx_word' id='word_1_93' title='bbox 1081 979 1244 1026; x_wconf 85' lang='lat' dir='ltr'>scriptor</span> 
     </span>
     <span class='ocr_line' id='line_1_13' title="bbox 122 1049 1242 1101; baseline -0.002 -11"><span class='ocrx_word' id='word_1_94' title='bbox 122 1051 183 1090; x_wconf 80' lang='lat' dir='ltr'>hic</span> <span class='ocrx_word' id='word_1_95' title='bbox 217 1049 291 1089; x_wconf 80' lang='lat' dir='ltr'>sib&#39;i</span> <span class='ocrx_word' id='word_1_96' title='bbox 322 1052 524 1100; x_wconf 84' lang='lat' dir='ltr'>proposuit</span> <span class='ocrx_word' id='word_1_97' title='bbox 561 1053 722 1100; x_wconf 85' lang='lat' dir='ltr'>plantam</span> <span class='ocrx_word' id='word_1_98' title='bbox 749 1065 815 1100; x_wconf 83' lang='lat' dir='ltr'>per</span> <span class='ocrx_word' id='word_1_99' title='bbox 851 1064 891 1090; x_wconf 85' lang='lat' dir='ltr'>se</span> <span class='ocrx_word' id='word_1_100' title='bbox 919 1062 1116 1101; x_wconf 82' lang='lat' dir='ltr'>spectatam</span> <span class='ocrx_word' id='word_1_101' title='bbox 1158 1052 1242 1089; x_wconf 87' lang='lat' dir='ltr'>abs·</span> 
     </span>
     <span class='ocr_line' id='line_1_14' title="bbox 123 1122 1243 1173; baseline -0.001 -14"><span class='ocrx_word' id='word_1_102' title='bbox 123 1133 196 1169; x_wconf 89' lang='lat' dir='ltr'>que</span> <span class='ocrx_word' id='word_1_103' title='bbox 223 1129 264 1163; x_wconf 83' lang='lat' dir='ltr'>ut</span> <span class='ocrx_word' id='word_1_104' title='bbox 280 1130 506 1161; x_wconf 83' lang='lat' dir='ltr'>memoraret</span> <span class='ocrx_word' id='word_1_105' title='bbox 525 1123 601 1161; x_wconf 88' lang='lat' dir='ltr'>vim</span> <span class='ocrx_word' id='word_1_106' title='bbox 633 1123 911 1161; x_wconf 82' lang='lat' dir='ltr'>stercorationis</span> <span class='ocrx_word' id='word_1_107' title='bbox 937 1125 1020 1173; x_wconf 84' lang='lat'><em>(2).</em></span> <span class='ocrx_word' id='word_1_108' title='bbox 1050 1147 1101 1153; x_wconf 89' lang='lat'>—</span> <span class='ocrx_word' id='word_1_109' title='bbox 1128 1122 1243 1160; x_wconf 81' lang='lat' dir='ltr'>Hisce</span> 
     </span>
     <span class='ocr_line' id='line_1_15' title="bbox 123 1181 1247 1239; baseline 0.001 -11"><span class='ocrx_word' id='word_1_110' title='bbox 123 1202 165 1228; x_wconf 85' lang='lat' dir='ltr'>ea</span> <span class='ocrx_word' id='word_1_111' title='bbox 190 1192 337 1229; x_wconf 24' lang='lat' dir='ltr'>*ratione</span> <span class='ocrx_word' id='word_1_112' title='bbox 357 1192 554 1230; x_wconf 82' lang='lat' dir='ltr'>intellectis</span> <span class='ocrx_word' id='word_1_113' title='bbox 573 1218 585 1239; x_wconf 79' lang='lat'>‚</span> <span class='ocrx_word' id='word_1_114' title='bbox 614 1194 765 1230; x_wconf 84' lang='lat' dir='ltr'>eandem</span> <span class='ocrx_word' id='word_1_115' title='bbox 801 1194 976 1232; x_wconf 87' lang='lat' dir='ltr'>fovemus</span> <span class='ocrx_word' id='word_1_116' title='bbox 994 1181 1212 1231; x_wconf 75' lang='lat' dir='ltr'>sententiam</span> <span class='ocrx_word' id='word_1_117' title='bbox 1236 1222 1247 1237; x_wconf 86' lang='lat'>.,</span> 
     </span>
     <span class='ocr_line' id='line_1_16' title="bbox 122 1260 1244 1312; baseline 0.004 -14"><span class='ocrx_word' id='word_1_118' title='bbox 122 1260 190 1303; x_wconf 70' lang='lat' dir='ltr'>cui</span> <span class='ocrx_word' id='word_1_119' title='bbox 211 1262 368 1299; x_wconf 67' lang='lat' dir='ltr'>eximos</span> <span class='ocrx_word' id='word_1_120' title='bbox 404 1261 492 1299; x_wconf 88' lang='lat' dir='ltr'>illos</span> <span class='ocrx_word' id='word_1_121' title='bbox 519 1262 565 1299; x_wconf 88' lang='lat' dir='ltr'>de</span> <span class='ocrx_word' id='word_1_122' title='bbox 601 1274 639 1300; x_wconf 88' lang='lat' dir='ltr'>re</span> <span class='ocrx_word' id='word_1_123' title='bbox 674 1264 812 1301; x_wconf 86' lang='lat' dir='ltr'>rustica</span> <span class='ocrx_word' id='word_1_124' title='bbox 840 1266 1047 1312; x_wconf 86' lang='lat' dir='ltr'>scriptores</span> <span class='ocrx_word' id='word_1_125' title='bbox 1079 1264 1244 1303; x_wconf 77' lang='lat' dir='ltr'>addictos</span> 
     </span>
     <span class='ocr_line' id='line_1_17' title="bbox 121 1328 1245 1381; baseline 0.009 -12"><span class='ocrx_word' id='word_1_126' title='bbox 121 1328 307 1372; x_wconf 75' lang='lat' dir='ltr'>credimus</span> <span class='ocrx_word' id='word_1_127' title='bbox 322 1350 334 1378; x_wconf 54' lang='grc' dir='ltr'>,ι</span> <span class='ocrx_word' id='word_1_128' title='bbox 351 1344 541 1380; x_wconf 86' lang='lat' dir='ltr'>quamque</span> <span class='ocrx_word' id='word_1_129' title='bbox 569 1333 681 1371; x_wconf 88' lang='lat' dir='ltr'>nobis</span> <span class='ocrx_word' id='word_1_130' title='bbox 705 1335 930 1381; x_wconf 84' lang='lat' dir='ltr'>persuadere</span> <span class='ocrx_word' id='word_1_131' title='bbox 952 1337 1101 1376; x_wconf 85' lang='lat' dir='ltr'>videtur</span> <span class='ocrx_word' id='word_1_132' title='bbox 1122 1340 1149 1375; x_wconf 74' lang='grc' dir='ltr'>Η</span> <span class='ocrx_word' id='word_1_133' title='bbox 1167 1353 1245 1379; x_wconf 87' lang='lat' dir='ltr'>un·</span> 
     </span>
     <span class='ocr_line' id='line_1_18' title="bbox 125 1403 1247 1453; baseline 0.009 -14"><span class='ocrx_word' id='word_1_134' title='bbox 125 1412 221 1449; x_wconf 82' lang='lat' dir='ltr'>ter,</span> <span class='ocrx_word' id='word_1_135' title='bbox 249 1404 398 1449; x_wconf 74' lang='lat' dir='ltr'>quando</span> <span class='ocrx_word' id='word_1_136' title='bbox 423 1403 537 1441; x_wconf 88' lang='lat' dir='ltr'>dicit:</span> <span class='ocrx_word' id='word_1_137' title='bbox 558 1431 582 1450; x_wconf 81' lang='lat'>„</span> <span class='ocrx_word' id='word_1_138' title='bbox 613 1413 743 1441; x_wconf 85' lang='lat' dir='ltr'>terram</span> <span class='ocrx_word' id='word_1_139' title='bbox 768 1405 980 1453; x_wconf 83' lang='lat' dir='ltr'>exhauriri,</span> <span class='ocrx_word' id='word_1_140' title='bbox 1007 1408 1081 1445; x_wconf 88' lang='lat' dir='ltr'>nisi</span> <span class='ocrx_word' id='word_1_141' title='bbox 1105 1419 1247 1449; x_wconf 88' lang='lat' dir='ltr'>sterco-</span> 
     </span>
     <span class='ocr_line' id='line_1_19' title="bbox 127 1465 1244 1529; baseline 0.007 -20"><span class='ocrx_word' id='word_1_142' title='bbox 127 1489 153 1519; x_wconf 64' lang='lat'>¹„</span> <span class='ocrx_word' id='word_1_143' title='bbox 179 1472 322 1509; x_wconf 79' lang='lat' dir='ltr'>ratione</span> <span class='ocrx_word' id='word_1_144' title='bbox 354 1481 468 1520; x_wconf 88' lang='lat' dir='ltr'>atque</span> <span class='ocrx_word' id='word_1_145' title='bbox 499 1465 583 1521; x_wconf 80' lang='lat' dir='ltr'>apta</span> <span class='ocrx_word' id='word_1_146' title='bbox 606 1474 855 1513; x_wconf 78' lang='lat' dir='ltr'>elaboratione</span> <span class='ocrx_word' id='word_1_147' title='bbox 871 1480 1154 1518; x_wconf 84' lang='lat' dir='ltr'>succurratur.”</span> <span class='ocrx_word' id='word_1_148' title='bbox 1176 1481 1244 1529; x_wconf 83' lang='lat'>(3)</span> 
     </span>
     <span class='ocr_line' id='line_1_20' title="bbox 125 1541 1246 1598; baseline 0.011 -20"><span class='ocrx_word' id='word_1_149' title='bbox 125 1541 336 1582; x_wconf 86' lang='lat' dir='ltr'>Confirmat</span> <span class='ocrx_word' id='word_1_150' title='bbox 363 1554 516 1591; x_wconf 87' lang='lat' dir='ltr'>quoque</span> <span class='ocrx_word' id='word_1_151' title='bbox 542 1545 570 1581; x_wconf 90' lang='lat' dir='ltr'>P</span> <span class='ocrx_word' id='word_1_152' title='bbox 588 1545 768 1583; x_wconf 86' lang='lat' dir='ltr'>utsche</span> <span class='ocrx_word' id='word_1_153' title='bbox 785 1574 797 1592; x_wconf 87' lang='lat'><strong>‚</strong></span> <span class='ocrx_word' id='word_1_154' title='bbox 839 1547 926 1585; x_wconf 91' lang='lat' dir='ltr'>dum</span> <span class='ocrx_word' id='word_1_155' title='bbox 954 1549 1113 1598; x_wconf 83' lang='lat' dir='ltr'>scribit,</span> <span class='ocrx_word' id='word_1_156' title='bbox 1142 1552 1246 1590; x_wconf 85' lang='lat' dir='ltr'>Sola-</span> 
     </span>
     <span class='ocr_line' id='line_1_21' title="bbox 128 1612 1244 1663; baseline 0.01 -15"><span class='ocrx_word' id='word_1_157' title='bbox 128 1623 216 1648; x_wconf 81' lang='lat' dir='ltr'>num</span> <span class='ocrx_word' id='word_1_158' title='bbox 239 1612 448 1650; x_wconf 71' lang='lat' dir='ltr'>tuberosum</span> <span class='ocrx_word' id='word_1_159' title='bbox 473 1621 604 1650; x_wconf 78' lang='lat' dir='ltr'>terram</span> <span class='ocrx_word' id='word_1_160' title='bbox 628 1614 878 1663; x_wconf 84' lang='lat' dir='ltr'>locupletare‚</span> <span class='ocrx_word' id='word_1_161' title='bbox 907 1629 985 1654; x_wconf 89' lang='lat' dir='ltr'>eam</span> <span class='ocrx_word' id='word_1_162' title='bbox 1018 1619 1162 1658; x_wconf 82' lang='lat' dir='ltr'>scilicet</span> <span class='ocrx_word' id='word_1_163' title='bbox 1190 1621 1244 1659; x_wconf 85' lang='lat' dir='ltr'>fa-</span> 
     </span>
     <span class='ocr_line' id='line_1_22' title="bbox 127 1680 1241 1739; baseline 0.011 -22"><span class='ocrx_word' id='word_1_164' title='bbox 127 1680 234 1718; x_wconf 81' lang='lat' dir='ltr'>cilem</span> <span class='ocrx_word' id='word_1_165' title='bbox 268 1682 453 1728; x_wconf 78' lang='lat' dir='ltr'>reddens,</span> <span class='ocrx_word' id='word_1_166' title='bbox 493 1683 609 1730; x_wconf 82' lang='lat' dir='ltr'>magis</span> <span class='ocrx_word' id='word_1_167' title='bbox 652 1697 762 1731; x_wconf 84' lang='lat' dir='ltr'>quam</span> <span class='ocrx_word' id='word_1_168' title='bbox 804 1687 903 1725; x_wconf 92' lang='lat' dir='ltr'>ullus</span> <span class='ocrx_word' id='word_1_169' title='bbox 940 1687 1086 1728; x_wconf 86' lang='lat' dir='ltr'>fructus</span> <span class='ocrx_word' id='word_1_170' title='bbox 1121 1691 1241 1739; x_wconf 79' lang='lat' dir='ltr'>alius,</span> 
     </span>
    </p>
   </div>
   <div class='ocr_carea' id='block_1_3' title="bbox 1198 1777 1254 1806">
    <p class='ocr_par' dir='ltr' id='par_1_3' title="bbox 1198 1777 1254 1806">
     <span class='ocr_line' id='line_1_23' title="bbox 1198 1777 1254 1806; baseline 0.018 -1"><span class='ocrx_word' id='word_1_171' title='bbox 1198 1777 1254 1806; x_wconf 81' lang='lat' dir='ltr'>at-</span> 
     </span>
    </p>
   </div>
   <div class='ocr_carea' id='block_1_4' title="bbox 129 1840 1249 2169">
    <p class='ocr_par' dir='ltr' id='par_1_4' title="bbox 129 1840 1249 2000">
     <span class='ocr_line' id='line_1_24' title="bbox 163 1840 1249 1890; baseline 0.016 -17"><span class='ocrx_word' id='word_1_172' title='bbox 163 1840 221 1880; x_wconf 76' lang='grc' dir='ltr'>(Ι)</span> <span class='ocrx_word' id='word_1_173' title='bbox 240 1847 435 1875; x_wconf 84' lang='lat' dir='ltr'>Albrecht</span> <span class='ocrx_word' id='word_1_174' title='bbox 468 1849 618 1886; x_wconf 84' lang='lat' dir='ltr'>Tha&#39;e&#39;r‚</span> <span class='ocrx_word' id='word_1_175' title='bbox 659 1853 855 1882; x_wconf 66' lang='lat' dir='ltr'>Grundsb&#39;tze</span> <span class='ocrx_word' id='word_1_176' title='bbox 895 1857 950 1883; x_wconf 72' lang='lat' dir='ltr'>der</span> <span class='ocrx_word' id='word_1_177' title='bbox 989 1861 1107 1888; x_wconf 76' lang='lat' dir='ltr'>ration.</span> <span class='ocrx_word' id='word_1_178' title='bbox 1145 1862 1249 1890; x_wconf 77' lang='lat' dir='ltr'>Lund-</span> 
     </span>
     <span class='ocr_line' id='line_1_25' title="bbox 129 1899 1244 1952; baseline 0.018 -23"><span class='ocrx_word' id='word_1_179' title='bbox 129 1899 311 1938; x_wconf 62' lang='lat' dir='ltr'>u‘rtrohscb„</span> <span class='ocrx_word' id='word_1_180' title='bbox 334 1904 434 1932; x_wconf 72' lang='lat' dir='ltr'>Berlin</span> <span class='ocrx_word' id='word_1_181' title='bbox 454 1910 544 1941; x_wconf 78' lang='lat'>1812,</span> <span class='ocrx_word' id='word_1_182' title='bbox 565 1909 649 1936; x_wconf 85' lang='lat' dir='ltr'>Band</span> <span class='ocrx_word' id='word_1_183' title='bbox 666 1910 728 1945; x_wconf 88' lang='lat' dir='ltr'>IV,</span> <span class='ocrx_word' id='word_1_184' title='bbox 749 1919 814 1946; x_wconf 77' lang='lat' dir='ltr'>pag.</span> <span class='ocrx_word' id='word_1_185' title='bbox 835 1920 910 1949; x_wconf 79' lang='lat'>210,</span> <span class='ocrx_word' id='word_1_186' title='bbox 929 1915 955 1950; x_wconf 83' lang='lat'>§.</span> <span class='ocrx_word' id='word_1_187' title='bbox 976 1924 1049 1952; x_wconf 82' lang='lat'><strong><em>275,</em></strong></span> <span class='ocrx_word' id='word_1_188' title='bbox 1072 1926 1103 1946; x_wconf 82' lang='lat' dir='ltr'>et</span> <span class='ocrx_word' id='word_1_189' title='bbox 1119 1919 1244 1948; x_wconf 79' lang='lat' dir='ltr'>Einlei-</span> 
     </span>
     <span class='ocr_line' id='line_1_26' title="bbox 133 1960 641 2000; baseline 0.016 -14"><span class='ocrx_word' id='word_1_190' title='bbox 133 1967 209 1996; x_wconf 75' lang='lat' dir='ltr'>tang</span> <span class='ocrx_word' id='word_1_191' title='bbox 225 1968 286 1990; x_wconf 86' lang='lat' dir='ltr'>etc.</span> <span class='ocrx_word' id='word_1_192' title='bbox 305 1960 386 1990; x_wconf 74' lang='lat' dir='ltr'>Baud</span> <span class='ocrx_word' id='word_1_193' title='bbox 401 1962 465 1997; x_wconf 83' lang='lat'>111,</span> <span class='ocrx_word' id='word_1_194' title='bbox 486 1971 552 1998; x_wconf 83' lang='lat' dir='ltr'>pag.</span> <span class='ocrx_word' id='word_1_195' title='bbox 573 1973 641 2000; x_wconf 82' lang='lat'><strong>405.</strong></span> 
     </span>
    </p>

    <p class='ocr_par' dir='ltr' id='par_1_5' title="bbox 129 2014 1246 2169">
     <span class='ocr_line' id='line_1_27' title="bbox 169 2014 1243 2071; baseline 0.019 -27"><span class='ocrx_word' id='word_1_196' title='bbox 169 2015 222 2055; x_wconf 66' lang='grc' dir='ltr'>(α)</span> <span class='ocrx_word' id='word_1_197' title='bbox 242 2019 400 2056; x_wconf 86' lang='lat' dir='ltr'>Johann</span> <span class='ocrx_word' id='word_1_198' title='bbox 421 2021 630 2056; x_wconf 86' lang='lat' dir='ltr'>Nepomuk</span> <span class='ocrx_word' id='word_1_199' title='bbox 655 2033 731 2054; x_wconf 84' lang='lat' dir='ltr'>von</span> <span class='ocrx_word' id='word_1_200' title='bbox 753 2029 961 2067; x_wconf 75' lang='lat' dir='ltr'>Schwerz‚</span> <span class='ocrx_word' id='word_1_201' title='bbox 983 2014 1158 2071; x_wconf 55' lang='lat' dir='ltr'>Anlet&#39;tring</span> <span class='ocrx_word' id='word_1_202' title='bbox 1174 2045 1243 2064; x_wconf 84' lang='lat' dir='ltr'>zum</span> 
     </span>
     <span class='ocr_line' id='line_1_28' title="bbox 129 2077 1246 2129; baseline 0.02 -28"><span class='ocrx_word' id='word_1_203' title='bbox 129 2082 237 2111; x_wconf 72' lang='lat' dir='ltr'>praet.</span> <span class='ocrx_word' id='word_1_204' title='bbox 264 2077 449 2113; x_wconf 79' lang='lat' dir='ltr'>Ackerbau,</span> <span class='ocrx_word' id='word_1_205' title='bbox 493 2082 636 2115; x_wconf 81' lang='lat' dir='ltr'>stuttgart</span> <span class='ocrx_word' id='word_1_206' title='bbox 667 2085 729 2111; x_wconf 79' lang='lat' dir='ltr'>und</span> <span class='ocrx_word' id='word_1_207' title='bbox 756 2079 915 2122; x_wconf 81' lang='lat' dir='ltr'>Tubingen</span> <span class='ocrx_word' id='word_1_208' title='bbox 938 2078 1042 2126; x_wconf 46' lang='lat'>1823}</span> <span class='ocrx_word' id='word_1_209' title='bbox 1070 2094 1166 2122; x_wconf 84' lang='lat' dir='ltr'>Band.</span> <span class='ocrx_word' id='word_1_210' title='bbox 1196 2095 1246 2129; x_wconf 89' lang='lat'>11,</span> 
     </span>
     <span class='ocr_line' id='line_1_29' title="bbox 137 2136 298 2169; baseline 0.019 -8"><span class='ocrx_word' id='word_1_211' title='bbox 137 2141 206 2168; x_wconf 79' lang='lat' dir='ltr'>pag.</span> <span class='ocrx_word' id='word_1_212' title='bbox 229 2136 298 2169; x_wconf 75' lang='lat'>613.</span> 
     </span>
    </p>
   </div>
   <div class='ocr_carea' id='block_1_5' title="bbox 141 2193 1247 2288">
    <p class='ocr_par' dir='ltr' id='par_1_6' title="bbox 141 2193 1247 2288">
     <span class='ocr_line' id='line_1_30' title="bbox 174 2193 1247 2242; baseline 0.018 -23"><span class='ocrx_word' id='word_1_213' title='bbox 174 2193 226 2228; x_wconf 76' lang='grc'>(3)</span> <span class='ocrx_word' id='word_1_214' title='bbox 248 2196 284 2221; x_wconf 79' lang='grc' dir='ltr'>Α.</span> <span class='ocrx_word' id='word_1_215' title='bbox 306 2194 481 2231; x_wconf 70' lang='grc' dir='ltr'>Ηιιηῐετ,</span> <span class='ocrx_word' id='word_1_216' title='bbox 526 2199 689 2233; x_wconf 70' lang='lat' dir='ltr'>Georgical</span> <span class='ocrx_word' id='word_1_217' title='bbox 721 2202 850 2239; x_wconf 79' lang='lat' dir='ltr'>Essays,</span> <span class='ocrx_word' id='word_1_218' title='bbox 882 2205 966 2233; x_wconf 86' lang='lat' dir='ltr'>York</span> <span class='ocrx_word' id='word_1_219' title='bbox 996 2214 1088 2242; x_wconf 81' lang='lat'><strong><em>1777,</em></strong></span> <span class='ocrx_word' id='word_1_220' title='bbox 1119 2210 1188 2237; x_wconf 83' lang='lat' dir='ltr'>Vol.</span> <span class='ocrx_word' id='word_1_221' title='bbox 1223 2211 1247 2239; x_wconf 86' lang='lat'>1.</span> 
     </span>
     <span class='ocr_line' id='line_1_31' title="bbox 141 2257 296 2288; baseline 0.013 -11"><span class='ocrx_word' id='word_1_222' title='bbox 141 2257 206 2284; x_wconf 82' lang='lat' dir='ltr'>pag.</span> <span class='ocrx_word' id='word_1_223' title='bbox 228 2258 296 2288; x_wconf 72' lang='lat'>144.</span> 
     </span>
    </p>
   </div>
  </div>
 </body>
</html>
