<?xml version="1.0" encoding="UTF-8"?>
<!DOCTYPE html PUBLIC "-//W3C//DTD XHTML 1.0 Transitional//EN"
    "http://www.w3.org/TR/xhtml1/DTD/xhtml1-transitional.dtd">
<html xmlns="http://www.w3.org/1999/xhtml" xml:lang="en" lang="en">
 <head>
  <title>
</title>
<meta http-equiv="Content-Type" content="text/html;charset=utf-8" />
  <meta name='ocr-system' content='tesseract 3.04.00' />
  <meta name='ocr-capabilities' content='ocr_page ocr_carea ocr_par ocr_line ocrx_word'/>
</head>
<body>
  <div class='ocr_page' id='page_1' title='image "annalesacademiae34rhen_0660.png"; bbox 0 0 1487 2703; ppageno 0'>
   <div class='ocr_carea' id='block_1_1' title="bbox 230 195 1119 410">
    <p class='ocr_par' dir='ltr' id='par_1_1' title="bbox 230 195 1119 410">
     <span class='ocr_line' id='line_1_1' title="bbox 230 195 1119 244; baseline 0 -8"><span class='ocrx_word' id='word_1_1' title='bbox 230 209 300 244; x_wconf 85' lang='lat'><strong>124</strong></span> <span class='ocrx_word' id='word_1_2' title='bbox 449 195 1119 237; x_wconf 87' lang='lat' dir='ltr'>COMMENTATIO</span> 
     </span>
     <span class='ocr_line' id='line_1_2' title="bbox 719 362 846 410; baseline -0.008 -10"><span class='ocrx_word' id='word_1_3' title='bbox 719 362 755 409; x_wconf 86' lang='lat'><strong>§.</strong></span> <span class='ocrx_word' id='word_1_4' title='bbox 809 374 846 410; x_wconf 83' lang='lat'><strong>3.</strong></span> 
     </span>
    </p>
   </div>
   <div class='ocr_carea' id='block_1_2' title="bbox 280 516 1281 699">
    <p class='ocr_par' dir='ltr' id='par_1_2' title="bbox 280 516 1281 699">
     <span class='ocr_line' id='line_1_3' title="bbox 280 516 1281 572; baseline -0.005 -11"><span class='ocrx_word' id='word_1_5' title='bbox 280 523 390 572; x_wconf 69' lang='lat' dir='ltr'><strong>Quid</strong></span> <span class='ocrx_word' id='word_1_6' title='bbox 419 521 709 562; x_wconf 70' lang='lat' dir='ltr'><strong>existimandam</strong></span> <span class='ocrx_word' id='word_1_7' title='bbox 742 523 791 559; x_wconf 83' lang='lat' dir='ltr'><strong>sit</strong></span> <span class='ocrx_word' id='word_1_8' title='bbox 829 520 873 559; x_wconf 76' lang='lat' dir='ltr'><strong>de</strong></span> <span class='ocrx_word' id='word_1_9' title='bbox 907 520 1140 558; x_wconf 75' lang='lat' dir='ltr'><em>accusatione</em></span> <span class='ocrx_word' id='word_1_10' title='bbox 1172 516 1281 568; x_wconf 80' lang='lat' dir='ltr'><strong>Jose-</strong></span> 
     </span>
     <span class='ocr_line' id='line_1_4' title="bbox 342 587 1213 643; baseline -0.003 -13"><span class='ocrx_word' id='word_1_11' title='bbox 342 592 455 643; x_wconf 78' lang='lat' dir='ltr'><strong>phum</strong></span> <span class='ocrx_word' id='word_1_12' title='bbox 492 592 621 630; x_wconf 80' lang='lat' dir='ltr'><strong>multis</strong></span> <span class='ocrx_word' id='word_1_13' title='bbox 656 593 698 629; x_wconf 85' lang='lat' dir='ltr'><strong>in</strong></span> <span class='ocrx_word' id='word_1_14' title='bbox 726 591 812 629; x_wconf 82' lang='lat' dir='ltr'><strong>locis</strong></span> <span class='ocrx_word' id='word_1_15' title='bbox 843 602 926 628; x_wconf 82' lang='lat' dir='ltr'><strong>cum</strong></span> <span class='ocrx_word' id='word_1_16' title='bbox 952 589 1060 627; x_wconf 84' lang='lat' dir='ltr'><strong>libris</strong></span> <span class='ocrx_word' id='word_1_17' title='bbox 1089 587 1139 628; x_wconf 85' lang='lat' dir='ltr'><strong>V.</strong></span> <span class='ocrx_word' id='word_1_18' title='bbox 1170 588 1213 627; x_wconf 91' lang='lat' dir='ltr'><strong>T.</strong></span> 
     </span>
     <span class='ocr_line' id='line_1_5' title="bbox 605 662 946 699; baseline 0 -1"><span class='ocrx_word' id='word_1_19' title='bbox 605 674 676 698; x_wconf 82' lang='lat' dir='ltr'><strong>non</strong></span> <span class='ocrx_word' id='word_1_20' title='bbox 708 662 946 699; x_wconf 73' lang='lat' dir='ltr'><strong>consentire?</strong></span> 
     </span>
    </p>
   </div>
   <div class='ocr_carea' id='block_1_3' title="bbox 211 810 1372 2192">
    <p class='ocr_par' dir='ltr' id='par_1_3' title="bbox 212 810 1345 1494">
     <span class='ocr_line' id='line_1_6' title="bbox 259 810 1344 861; baseline 0 -12"><span class='ocrx_word' id='word_1_21' title='bbox 259 810 450 861; x_wconf 87' lang='lat' dir='ltr'><strong>Josephus</strong></span> <span class='ocrx_word' id='word_1_22' title='bbox 484 811 682 851; x_wconf 85' lang='lat' dir='ltr'><strong>declaravit</strong></span> <span class='ocrx_word' id='word_1_23' title='bbox 714 823 756 850; x_wconf 89' lang='lat' dir='ltr'><strong>se</strong></span> <span class='ocrx_word' id='word_1_24' title='bbox 792 812 917 850; x_wconf 88' lang='lat' dir='ltr'><strong>omnia</strong></span> <span class='ocrx_word' id='word_1_25' title='bbox 951 823 971 850; x_wconf 88' lang='lat' dir='ltr'><strong>e</strong></span> <span class='ocrx_word' id='word_1_26' title='bbox 996 812 1104 849; x_wconf 87' lang='lat' dir='ltr'><strong>libris</strong></span> <span class='ocrx_word' id='word_1_27' title='bbox 1135 811 1249 850; x_wconf 87' lang='lat' dir='ltr'><strong>sacris</strong></span> <span class='ocrx_word' id='word_1_28' title='bbox 1282 811 1344 849; x_wconf 89' lang='lat' dir='ltr'><strong>de-</strong></span> 
     </span>
     <span class='ocr_line' id='line_1_7' title="bbox 216 880 1343 932; baseline 0 -13"><span class='ocrx_word' id='word_1_29' title='bbox 216 882 423 929; x_wconf 79' lang='lat' dir='ltr'><strong>sumsisse3</strong></span> <span class='ocrx_word' id='word_1_30' title='bbox 453 893 544 920; x_wconf 88' lang='lat' dir='ltr'><strong>usus</strong></span> <span class='ocrx_word' id='word_1_31' title='bbox 570 890 626 919; x_wconf 90' lang='lat' dir='ltr'><strong>est</strong></span> <span class='ocrx_word' id='word_1_32' title='bbox 649 881 766 920; x_wconf 87' lang='lat' dir='ltr'><strong>verbo</strong></span> <span class='ocrx_word' id='word_1_33' title='bbox 786 883 1100 932; x_wconf 73' lang='grc' dir='ltr'><strong>μεθερμηνεύκενικι</strong></span> <span class='ocrx_word' id='word_1_34' title='bbox 1129 880 1215 932; x_wconf 87' lang='lat'>(1).</span> <span class='ocrx_word' id='word_1_35' title='bbox 1243 880 1343 919; x_wconf 90' lang='lat' dir='ltr'><strong>Hinc</strong></span> 
     </span>
     <span class='ocr_line' id='line_1_8' title="bbox 219 951 1345 1001; baseline 0.001 -13"><span class='ocrx_word' id='word_1_36' title='bbox 219 951 328 989; x_wconf 90' lang='lat' dir='ltr'><strong>multi</strong></span> <span class='ocrx_word' id='word_1_37' title='bbox 356 951 528 989; x_wconf 83' lang='lat' dir='ltr'><strong>dixerunt</strong></span> <span class='ocrx_word' id='word_1_38' title='bbox 561 951 657 989; x_wconf 90' lang='lat' dir='ltr'>nihil</span> <span class='ocrx_word' id='word_1_39' title='bbox 686 951 804 990; x_wconf 90' lang='lat' dir='ltr'><strong>fuisse</strong></span> <span class='ocrx_word' id='word_1_40' title='bbox 840 952 914 1001; x_wconf 89' lang='lat' dir='ltr'><strong>ipsi</strong></span> <span class='ocrx_word' id='word_1_41' title='bbox 948 953 1198 998; x_wconf 80' lang='lat' dir='ltr'><strong>narrandum,</strong></span> <span class='ocrx_word' id='word_1_42' title='bbox 1241 952 1345 999; x_wconf 88' lang='lat' dir='ltr'><strong>quod</strong></span> 
     </span>
     <span class='ocr_line' id='line_1_9' title="bbox 212 1021 1335 1071; baseline 0.001 -12"><span class='ocrx_word' id='word_1_43' title='bbox 212 1022 252 1059; x_wconf 88' lang='lat' dir='ltr'><strong>in</strong></span> <span class='ocrx_word' id='word_1_44' title='bbox 282 1022 333 1060; x_wconf 92' lang='lat' dir='ltr'><strong>V.</strong></span> <span class='ocrx_word' id='word_1_45' title='bbox 365 1022 408 1061; x_wconf 81' lang='lat' dir='ltr'><strong>F.</strong></span> <span class='ocrx_word' id='word_1_46' title='bbox 437 1033 514 1060; x_wconf 90' lang='lat' dir='ltr'><strong>non</strong></span> <span class='ocrx_word' id='word_1_47' title='bbox 537 1023 694 1070; x_wconf 85' lang='lat' dir='ltr'><strong>legatur.</strong></span> <span class='ocrx_word' id='word_1_48' title='bbox 748 1023 821 1061; x_wconf 89' lang='lat' dir='ltr'><strong>Sed</strong></span> <span class='ocrx_word' id='word_1_49' title='bbox 859 1022 951 1071; x_wconf 87' lang='lat' dir='ltr'><strong>quid</strong></span> <span class='ocrx_word' id='word_1_50' title='bbox 988 1032 1067 1062; x_wconf 87' lang='lat' dir='ltr'><strong>tum</strong></span> <span class='ocrx_word' id='word_1_51' title='bbox 1093 1021 1231 1061; x_wconf 86' lang='lat' dir='ltr'><strong>fuisset</strong></span> <span class='ocrx_word' id='word_1_52' title='bbox 1256 1023 1335 1071; x_wconf 84' lang='lat' dir='ltr'><strong>eJ&#39;us</strong></span> 
     </span>
     <span class='ocr_line' id='line_1_10' title="bbox 216 1092 1345 1141; baseline 0.001 -12"><span class='ocrx_word' id='word_1_53' title='bbox 216 1093 348 1141; x_wconf 74' lang='lat' dir='ltr'><strong>opus?</strong></span> <span class='ocrx_word' id='word_1_54' title='bbox 402 1092 493 1141; x_wconf 89' lang='lat' dir='ltr'><strong>quid</strong></span> <span class='ocrx_word' id='word_1_55' title='bbox 538 1105 674 1141; x_wconf 86' lang='lat' dir='ltr'>quaeso</span> <span class='ocrx_word' id='word_1_56' title='bbox 718 1094 817 1131; x_wconf 88' lang='lat' dir='ltr'><strong>aliud</strong></span> <span class='ocrx_word' id='word_1_57' title='bbox 865 1105 977 1141; x_wconf 89' lang='lat' dir='ltr'><strong>quam</strong></span> <span class='ocrx_word' id='word_1_58' title='bbox 1029 1092 1151 1132; x_wconf 89' lang='lat' dir='ltr'><strong>versio</strong></span> <span class='ocrx_word' id='word_1_59' title='bbox 1200 1092 1345 1131; x_wconf 87' lang='lat' dir='ltr'><strong>Graeca</strong></span> 
     </span>
     <span class='ocr_line' id='line_1_11' title="bbox 217 1162 1344 1211; baseline 0.001 -12"><span class='ocrx_word' id='word_1_60' title='bbox 217 1173 407 1200; x_wconf 87' lang='lat' dir='ltr'><strong>sacrorum</strong></span> <span class='ocrx_word' id='word_1_61' title='bbox 446 1163 628 1201; x_wconf 87' lang='lat' dir='ltr'><strong>librorum</strong></span> <span class='ocrx_word' id='word_1_62' title='bbox 670 1163 956 1210; x_wconf 84' lang='lat' dir='ltr'><strong>Hebraeorum,</strong></span> <span class='ocrx_word' id='word_1_63' title='bbox 985 1174 1080 1211; x_wconf 90' lang='lat' dir='ltr'><strong>quae</strong></span> <span class='ocrx_word' id='word_1_64' title='bbox 1114 1162 1161 1201; x_wconf 89' lang='lat' dir='ltr'><strong>ab</strong></span> <span class='ocrx_word' id='word_1_65' title='bbox 1197 1173 1242 1201; x_wconf 91' lang='lat' dir='ltr'><strong>eo</strong></span> <span class='ocrx_word' id='word_1_66' title='bbox 1266 1173 1344 1200; x_wconf 93' lang='lat' dir='ltr'><strong>non</strong></span> 
     </span>
     <span class='ocr_line' id='line_1_12' title="bbox 215 1231 1342 1282; baseline 0 -13"><span class='ocrx_word' id='word_1_67' title='bbox 215 1232 489 1272; x_wconf 84' lang='lat' dir='ltr'><strong>desiderabatur</strong></span> <span class='ocrx_word' id='word_1_68' title='bbox 512 1261 526 1280; x_wconf 85' lang='lat'><strong>‚</strong></span> <span class='ocrx_word' id='word_1_69' title='bbox 581 1232 888 1280; x_wconf 86' lang='lat' dir='ltr'><strong>quandoquidem</strong></span> <span class='ocrx_word' id='word_1_70' title='bbox 942 1232 1016 1282; x_wconf 87' lang='lat' dir='ltr'><strong>jam</strong></span> <span class='ocrx_word' id='word_1_71' title='bbox 1077 1232 1160 1271; x_wconf 87' lang='lat' dir='ltr'><strong>talis</strong></span> <span class='ocrx_word' id='word_1_72' title='bbox 1218 1231 1342 1271; x_wconf 90' lang='lat' dir='ltr'><strong>versio</strong></span> 
     </span>
     <span class='ocr_line' id='line_1_13' title="bbox 215 1301 1345 1351; baseline -0.001 -11"><span class='ocrx_word' id='word_1_73' title='bbox 215 1313 349 1351; x_wconf 85' lang='lat' dir='ltr'>nempe</span> <span class='ocrx_word' id='word_1_74' title='bbox 380 1301 630 1341; x_wconf 87' lang='lat' dir='ltr'><strong>Alexandrina</strong></span> <span class='ocrx_word' id='word_1_75' title='bbox 667 1302 854 1341; x_wconf 89' lang='lat' dir='ltr'><strong>exstabat.</strong></span> <span class='ocrx_word' id='word_1_76' title='bbox 908 1302 978 1340; x_wconf 87' lang='lat' dir='ltr'><strong>Uti</strong></span> <span class='ocrx_word' id='word_1_77' title='bbox 1014 1314 1103 1351; x_wconf 87' lang='lat' dir='ltr'><strong>ergo</strong></span> <span class='ocrx_word' id='word_1_78' title='bbox 1139 1311 1239 1340; x_wconf 87' lang='lat' dir='ltr'><strong>recte</strong></span> <span class='ocrx_word' id='word_1_79' title='bbox 1266 1302 1345 1340; x_wconf 84' lang='lat' dir='ltr'><strong>ani-</strong></span> 
     </span>
     <span class='ocr_line' id='line_1_14' title="bbox 214 1371 1341 1422; baseline 0.003 -11"><span class='ocrx_word' id='word_1_80' title='bbox 214 1374 410 1412; x_wconf 76' lang='lat' dir='ltr'><strong>madvertit</strong></span> <span class='ocrx_word' id='word_1_81' title='bbox 444 1375 622 1421; x_wconf 81' lang='lat' dir='ltr'><strong>Ernesti,</strong></span> <span class='ocrx_word' id='word_1_82' title='bbox 650 1373 742 1412; x_wconf 85' lang='lat' dir='ltr'><strong>illud</strong></span> <span class='ocrx_word' id='word_1_83' title='bbox 764 1374 1081 1422; x_wconf 74' lang='grc' dir='ltr'><strong>μεθερμηνεύκεναιι</strong></span> <span class='ocrx_word' id='word_1_84' title='bbox 1122 1371 1201 1410; x_wconf 85' lang='lat' dir='ltr'><strong>sive</strong></span> <span class='ocrx_word' id='word_1_85' title='bbox 1225 1388 1341 1421; x_wconf 70' lang='grc' dir='ltr'><em>μεται-</em></span> 
     </span>
     <span class='ocr_line' id='line_1_15' title="bbox 217 1443 927 1494; baseline -0.006 -9"><span class='ocrx_word' id='word_1_86' title='bbox 217 1444 364 1494; x_wconf 76' lang='grc' dir='ltr'><em>φροέζειν</em></span> <span class='ocrx_word' id='word_1_87' title='bbox 383 1471 395 1491; x_wconf 83' lang='grc'>,</span> <span class='ocrx_word' id='word_1_88' title='bbox 424 1444 536 1482; x_wconf 84' lang='lat' dir='ltr'><strong>latius</strong></span> <span class='ocrx_word' id='word_1_89' title='bbox 570 1452 627 1481; x_wconf 88' lang='lat' dir='ltr'><strong>est</strong></span> <span class='ocrx_word' id='word_1_90' title='bbox 655 1443 927 1490; x_wconf 88' lang='lat' dir='ltr'><strong>accipiendum.</strong></span> 
     </span>
    </p>

    <p class='ocr_par' dir='ltr' id='par_1_4' title="bbox 211 1512 1372 2124">
     <span class='ocr_line' id='line_1_16' title="bbox 266 1512 1341 1563; baseline 0.001 -13"><span class='ocrx_word' id='word_1_91' title='bbox 266 1512 440 1551; x_wconf 78' lang='lat' dir='ltr'>Vidimus</span> <span class='ocrx_word' id='word_1_92' title='bbox 475 1515 546 1563; x_wconf 70' lang='lat' dir='ltr'><strong>iam</strong></span> <span class='ocrx_word' id='word_1_93' title='bbox 585 1514 681 1561; x_wconf 71' lang='lat' dir='ltr'><strong>Cap.</strong></span> <span class='ocrx_word' id='word_1_94' title='bbox 726 1513 773 1553; x_wconf 90' lang='lat'><strong>11.</strong></span> <span class='ocrx_word' id='word_1_95' title='bbox 818 1514 854 1560; x_wconf 83' lang='lat'><strong>§.</strong></span> <span class='ocrx_word' id='word_1_96' title='bbox 902 1524 938 1551; x_wconf 87' lang='lat'><strong>1.</strong></span> <span class='ocrx_word' id='word_1_97' title='bbox 977 1519 1148 1562; x_wconf 85' lang='lat' dir='ltr'><strong>tempore</strong></span> <span class='ocrx_word' id='word_1_98' title='bbox 1179 1512 1341 1562; x_wconf 86' lang='lat' dir='ltr'><strong>Josephi</strong></span> 
     </span>
     <span class='ocr_line' id='line_1_17' title="bbox 214 1582 1372 1632; baseline -0.001 -10"><span class='ocrx_word' id='word_1_99' title='bbox 214 1585 339 1632; x_wconf 88' lang='lat' dir='ltr'><strong>plures</strong></span> <span class='ocrx_word' id='word_1_100' title='bbox 381 1584 578 1622; x_wconf 83' lang='lat' dir='ltr'>etiamnum</span> <span class='ocrx_word' id='word_1_101' title='bbox 621 1582 773 1621; x_wconf 85' lang='lat' dir='ltr'><strong>affuisse</strong></span> <span class='ocrx_word' id='word_1_102' title='bbox 805 1583 923 1620; x_wconf 86' lang='lat' dir='ltr'><strong>libros</strong></span> <span class='ocrx_word' id='word_1_103' title='bbox 967 1582 1175 1630; x_wconf 76' lang='lat' dir='ltr'><strong>Hebraeis,</strong></span> <span class='ocrx_word' id='word_1_104' title='bbox 1228 1594 1372 1630; x_wconf 74' lang='lat' dir='ltr'><strong>quamv</strong></span> 
     </span>
     <span class='ocr_line' id='line_1_18' title="bbox 214 1651 1342 1700; baseline 0.001 -10"><span class='ocrx_word' id='word_1_105' title='bbox 214 1664 286 1691; x_wconf 90' lang='lat' dir='ltr'><strong>nos</strong></span> <span class='ocrx_word' id='word_1_106' title='bbox 321 1665 420 1692; x_wconf 89' lang='lat' dir='ltr'><strong>nunc</strong></span> <span class='ocrx_word' id='word_1_107' title='bbox 460 1653 669 1700; x_wconf 85' lang='lat' dir='ltr'><strong>habemus;</strong></span> <span class='ocrx_word' id='word_1_108' title='bbox 725 1651 941 1690; x_wconf 87' lang='lat' dir='ltr'><strong>traditiones</strong></span> <span class='ocrx_word' id='word_1_109' title='bbox 981 1653 1087 1690; x_wconf 84' lang='lat' dir='ltr'><strong>etiarn</strong></span> <span class='ocrx_word' id='word_1_110' title='bbox 1117 1653 1251 1692; x_wconf 85' lang='lat' dir='ltr'><strong>multae</strong></span> <span class='ocrx_word' id='word_1_111' title='bbox 1279 1665 1342 1691; x_wconf 87' lang='lat' dir='ltr'><strong>ex-</strong></span> 
     </span>
     <span class='ocr_line' id='line_1_19' title="bbox 214 1722 1340 1773; baseline -0.002 -11"><span class='ocrx_word' id='word_1_112' title='bbox 214 1724 389 1771; x_wconf 84' lang='lat' dir='ltr'><strong>stabant,</strong></span> <span class='ocrx_word' id='word_1_113' title='bbox 438 1724 583 1771; x_wconf 87' lang='lat' dir='ltr'><strong>aliaque</strong></span> <span class='ocrx_word' id='word_1_114' title='bbox 612 1723 783 1773; x_wconf 82' lang='lat' dir='ltr'><strong>Josepho</strong></span> <span class='ocrx_word' id='word_1_115' title='bbox 819 1733 922 1761; x_wconf 83' lang='lat' dir='ltr'><strong>erant</strong></span> <span class='ocrx_word' id='word_1_116' title='bbox 953 1722 1119 1760; x_wconf 86' lang='lat' dir='ltr'><strong>subsidia</strong></span> <span class='ocrx_word' id='word_1_117' title='bbox 1147 1732 1246 1760; x_wconf 91' lang='lat' dir='ltr'><strong>nunc</strong></span> <span class='ocrx_word' id='word_1_118' title='bbox 1276 1723 1340 1760; x_wconf 90' lang='lat' dir='ltr'><strong>de-</strong></span> 
     </span>
     <span class='ocr_line' id='line_1_20' title="bbox 212 1792 1336 1842; baseline -0.002 -10"><span class='ocrx_word' id='word_1_119' title='bbox 212 1793 370 1842; x_wconf 84' lang='lat' dir='ltr'><strong>perdita.</strong></span> <span class='ocrx_word' id='word_1_120' title='bbox 454 1794 542 1831; x_wconf 89' lang='lat' dir='ltr'><strong>Sine</strong></span> <span class='ocrx_word' id='word_1_121' title='bbox 587 1793 703 1830; x_wconf 90' lang='lat' dir='ltr'><strong>dubio</strong></span> <span class='ocrx_word' id='word_1_122' title='bbox 743 1804 784 1830; x_wconf 86' lang='lat' dir='ltr'><strong>ea</strong></span> <span class='ocrx_word' id='word_1_123' title='bbox 827 1804 921 1840; x_wconf 90' lang='lat' dir='ltr'><strong>quae</strong></span> <span class='ocrx_word' id='word_1_124' title='bbox 965 1792 1004 1829; x_wconf 92' lang='lat' dir='ltr'><strong>in</strong></span> <span class='ocrx_word' id='word_1_125' title='bbox 1044 1793 1122 1841; x_wconf 89' lang='lat' dir='ltr'><strong>ejus</strong></span> <span class='ocrx_word' id='word_1_126' title='bbox 1158 1792 1336 1840; x_wconf 88' lang='lat' dir='ltr'><strong>operibus</strong></span> 
     </span>
     <span class='ocr_line' id='line_1_21' title="bbox 212 1862 1336 1914; baseline -0.003 -11"><span class='ocrx_word' id='word_1_127' title='bbox 212 1866 395 1914; x_wconf 81' lang='lat' dir='ltr'><strong>legimus,</strong></span> <span class='ocrx_word' id='word_1_128' title='bbox 449 1876 619 1912; x_wconf 83' lang='lat' dir='ltr'><strong>quaeque</strong></span> <span class='ocrx_word' id='word_1_129' title='bbox 656 1864 694 1901; x_wconf 90' lang='lat' dir='ltr'><strong>in</strong></span> <span class='ocrx_word' id='word_1_130' title='bbox 729 1863 781 1901; x_wconf 85' lang='lat' dir='ltr'><strong>V.</strong></span> <span class='ocrx_word' id='word_1_131' title='bbox 822 1863 864 1904; x_wconf 82' lang='lat' dir='ltr'><strong>F.</strong></span> <span class='ocrx_word' id='word_1_132' title='bbox 906 1862 1044 1900; x_wconf 87' lang='lat' dir='ltr'><strong>frustra</strong></span> <span class='ocrx_word' id='word_1_133' title='bbox 1081 1871 1336 1911; x_wconf 85' lang='lat' dir='ltr'><strong>quaeruntur,</strong></span> 
     </span>
     <span class='ocr_line' id='line_1_22' title="bbox 213 1932 1336 1972; baseline -0.002 0"><span class='ocrx_word' id='word_1_134' title='bbox 213 1947 258 1972; x_wconf 87' lang='lat' dir='ltr'><strong>ex</strong></span> <span class='ocrx_word' id='word_1_135' title='bbox 293 1935 396 1971; x_wconf 82' lang='lat' dir='ltr'><strong>hisce</strong></span> <span class='ocrx_word' id='word_1_136' title='bbox 425 1932 595 1972; x_wconf 88' lang='lat' dir='ltr'><strong>fontibus</strong></span> <span class='ocrx_word' id='word_1_137' title='bbox 632 1934 762 1971; x_wconf 85' lang='lat' dir='ltr'><strong>hausta</strong></span> <span class='ocrx_word' id='word_1_138' title='bbox 796 1941 898 1971; x_wconf 85' lang='lat' dir='ltr'><strong>sunt.</strong></span> <span class='ocrx_word' id='word_1_139' title='bbox 958 1932 1056 1970; x_wconf 89' lang='lat' dir='ltr'><strong>Hinc</strong></span> <span class='ocrx_word' id='word_1_140' title='bbox 1082 1932 1242 1970; x_wconf 85' lang='lat' dir='ltr'><strong>narratio</strong></span> <span class='ocrx_word' id='word_1_141' title='bbox 1275 1934 1336 1970; x_wconf 84' lang='lat' dir='ltr'><strong>illa</strong></span> 
     </span>
     <span class='ocr_line' id='line_1_23' title="bbox 213 2002 1336 2052; baseline -0.003 -10"><span class='ocrx_word' id='word_1_142' title='bbox 213 2005 258 2042; x_wconf 88' lang='lat' dir='ltr'><strong>de</strong></span> <span class='ocrx_word' id='word_1_143' title='bbox 292 2003 430 2042; x_wconf 84' lang='lat' dir='ltr'><strong>Moisis</strong></span> <span class='ocrx_word' id='word_1_144' title='bbox 466 2003 725 2052; x_wconf 81' lang='lat' dir='ltr'><strong>expeditione,</strong></span> <span class='ocrx_word' id='word_1_145' title='bbox 754 2004 798 2041; x_wconf 86' lang='lat' dir='ltr'><strong>de</strong></span> <span class='ocrx_word' id='word_1_146' title='bbox 823 2003 1090 2051; x_wconf 84' lang='lat' dir='ltr'><strong>hierophantae</strong></span> <span class='ocrx_word' id='word_1_147' title='bbox 1113 2002 1336 2051; x_wconf 87' lang='lat' dir='ltr'><strong>praedictio-</strong></span> 
     </span>
     <span class='ocr_line' id='line_1_24' title="bbox 211 2072 1337 2124; baseline 0 -13"><span class='ocrx_word' id='word_1_148' title='bbox 211 2085 260 2113; x_wconf 88' lang='lat' dir='ltr'><strong>ne</strong></span> <span class='ocrx_word' id='word_1_149' title='bbox 285 2074 376 2123; x_wconf 70' lang='grc' dir='ltr'><strong>(α),</strong></span> <span class='ocrx_word' id='word_1_150' title='bbox 404 2074 562 2121; x_wconf 82' lang='lat' dir='ltr'><strong>aliaque.</strong></span> <span class='ocrx_word' id='word_1_151' title='bbox 590 2096 641 2104; x_wconf 94' lang='lat'><strong>—-</strong></span> <span class='ocrx_word' id='word_1_152' title='bbox 667 2074 785 2122; x_wconf 88' lang='lat' dir='ltr'><strong>Igitur</strong></span> <span class='ocrx_word' id='word_1_153' title='bbox 809 2074 979 2124; x_wconf 86' lang='lat' dir='ltr'><strong>Josepho</strong></span> <span class='ocrx_word' id='word_1_154' title='bbox 1003 2073 1178 2122; x_wconf 82' lang='lat' dir='ltr'><strong>imputari</strong></span> <span class='ocrx_word' id='word_1_155' title='bbox 1204 2072 1337 2120; x_wconf 85' lang='lat' dir='ltr'><strong>nequit</strong></span> 
     </span>
    </p>

    <p class='ocr_par' dir='ltr' id='par_1_5' title="bbox 1236 2143 1339 2192">
     <span class='ocr_line' id='line_1_25' title="bbox 1236 2143 1339 2192; baseline -0.01 -10"><span class='ocrx_word' id='word_1_156' title='bbox 1236 2143 1339 2192; x_wconf 88' lang='lat' dir='ltr'><strong>quod</strong></span> 
     </span>
    </p>
   </div>
   <div class='ocr_carea' id='block_1_4' title="bbox 254 2220 825 2315">
    <p class='ocr_par' dir='ltr' id='par_1_6' title="bbox 254 2220 825 2315">
     <span class='ocr_line' id='line_1_26' title="bbox 255 2220 825 2258; baseline 0.002 -7"><span class='ocrx_word' id='word_1_157' title='bbox 255 2220 308 2257; x_wconf 82' lang='grc' dir='ltr'><strong>(ι)</strong></span> <span class='ocrx_word' id='word_1_158' title='bbox 330 2222 378 2250; x_wconf 87' lang='lat' dir='ltr'><strong>Cf.</strong></span> <span class='ocrx_word' id='word_1_159' title='bbox 399 2221 466 2258; x_wconf 84' lang='lat' dir='ltr'><strong>Jos.</strong></span> <span class='ocrx_word' id='word_1_160' title='bbox 490 2228 574 2250; x_wconf 83' lang='lat' dir='ltr'><strong>cont.</strong></span> <span class='ocrx_word' id='word_1_161' title='bbox 597 2220 659 2256; x_wconf 87' lang='lat' dir='ltr'><strong>Ap.</strong></span> <span class='ocrx_word' id='word_1_162' title='bbox 684 2223 708 2250; x_wconf 92' lang='lat'><strong>1.</strong></span> <span class='ocrx_word' id='word_1_163' title='bbox 729 2221 754 2258; x_wconf 74' lang='lat' dir='ltr'><strong>S.</strong></span> <span class='ocrx_word' id='word_1_164' title='bbox 780 2228 825 2253; x_wconf 71' lang='lat'><strong>10.</strong></span> 
     </span>
     <span class='ocr_line' id='line_1_27' title="bbox 254 2277 736 2315; baseline -0.002 -7"><span class='ocrx_word' id='word_1_165' title='bbox 254 2277 306 2315; x_wconf 65' lang='grc' dir='ltr'><strong>(α)</strong></span> <span class='ocrx_word' id='word_1_166' title='bbox 328 2279 377 2308; x_wconf 85' lang='lat' dir='ltr'><strong>Cf.</strong></span> <span class='ocrx_word' id='word_1_167' title='bbox 405 2280 476 2307; x_wconf 84' lang='lat' dir='ltr'><strong>Ant.</strong></span> <span class='ocrx_word' id='word_1_168' title='bbox 504 2278 542 2307; x_wconf 88' lang='lat'><strong>11.</strong></span> <span class='ocrx_word' id='word_1_169' title='bbox 569 2287 600 2314; x_wconf 79' lang='lat'><strong>9.</strong></span> <span class='ocrx_word' id='word_1_170' title='bbox 631 2279 658 2315; x_wconf 84' lang='lat'><strong>§.</strong></span> <span class='ocrx_word' id='word_1_171' title='bbox 689 2285 736 2312; x_wconf 82' lang='lat'><strong>23·</strong></span> 
     </span>
    </p>
   </div>
  </div>
 </body>
</html>
