<?xml version="1.0" encoding="UTF-8"?>
<!DOCTYPE html PUBLIC "-//W3C//DTD XHTML 1.0 Transitional//EN"
    "http://www.w3.org/TR/xhtml1/DTD/xhtml1-transitional.dtd">
<html xmlns="http://www.w3.org/1999/xhtml" xml:lang="en" lang="en">
 <head>
  <title>
</title>
<meta http-equiv="Content-Type" content="text/html;charset=utf-8" />
  <meta name='ocr-system' content='tesseract 3.04.00' />
  <meta name='ocr-capabilities' content='ocr_page ocr_carea ocr_par ocr_line ocrx_word'/>
</head>
<body>
  <div class='ocr_page' id='page_1' title='image "annalesacademiae34rhen_0088.png"; bbox 0 0 1544 2693; ppageno 0'>
   <div class='ocr_carea' id='block_1_1' title="bbox 252 149 1155 204">
    <p class='ocr_par' dir='ltr' id='par_1_1' title="bbox 252 149 1155 204">
     <span class='ocr_line' id='line_1_1' title="bbox 252 149 1155 204; baseline -0.009 0"><span class='ocrx_word' id='word_1_1' title='bbox 252 159 310 204; x_wconf 71' lang='grc' dir='ltr'>ίιίι</span> <span class='ocrx_word' id='word_1_2' title='bbox 465 158 539 202; x_wconf 83' lang='lat' dir='ltr'>HE</span> <span class='ocrx_word' id='word_1_3' title='bbox 549 157 644 201; x_wconf 69' lang='grc' dir='ltr'>ΗΜ.</span> <span class='ocrx_word' id='word_1_4' title='bbox 678 154 800 200; x_wconf 88' lang='lat' dir='ltr'>JOH.</span> <span class='ocrx_word' id='word_1_5' title='bbox 836 149 1155 198; x_wconf 76' lang='lat' dir='ltr'><strong>ROYAARDS</strong></span> 
     </span>
    </p>
   </div>
   <div class='ocr_carea' id='block_1_2' title="bbox 242 287 1364 1009">
    <p class='ocr_par' dir='ltr' id='par_1_2' title="bbox 242 287 1364 1009">
     <span class='ocr_line' id='line_1_2' title="bbox 249 287 1361 344; baseline -0.008 -5"><span class='ocrx_word' id='word_1_6' title='bbox 249 295 333 339; x_wconf 87' lang='lat' dir='ltr'>mia</span> <span class='ocrx_word' id='word_1_7' title='bbox 367 292 616 338; x_wconf 87' lang='lat' dir='ltr'>Lovaniensi</span> <span class='ocrx_word' id='word_1_8' title='bbox 651 289 885 335; x_wconf 82' lang='lat' dir='ltr'>Professori</span> <span class='ocrx_word' id='word_1_9' title='bbox 929 287 1220 341; x_wconf 85' lang='lat' dir='ltr'>celeberrimo,</span> <span class='ocrx_word' id='word_1_10' title='bbox 1289 287 1361 344; x_wconf 87' lang='lat' dir='ltr'>qui</span> 
     </span>
     <span class='ocr_line' id='line_1_3' title="bbox 247 370 1359 434; baseline -0.009 -10"><span class='ocrx_word' id='word_1_11' title='bbox 247 393 347 424; x_wconf 85' lang='lat' dir='ltr'>vero</span> <span class='ocrx_word' id='word_1_12' title='bbox 366 411 377 432; x_wconf 90' lang='lat'>‚</span> <span class='ocrx_word' id='word_1_13' title='bbox 404 394 428 422; x_wconf 87' lang='lat' dir='ltr'>a</span> <span class='ocrx_word' id='word_1_14' title='bbox 460 377 594 421; x_wconf 82' lang='lat' dir='ltr'>turbis</span> <span class='ocrx_word' id='word_1_15' title='bbox 623 373 896 434; x_wconf 86' lang='lat' dir='ltr'>popularibus</span> <span class='ocrx_word' id='word_1_16' title='bbox 924 373 1143 430; x_wconf 86' lang='lat' dir='ltr'>Belgarum</span> <span class='ocrx_word' id='word_1_17' title='bbox 1162 412 1164 415; x_wconf 86' lang='lat'>.</span> <span class='ocrx_word' id='word_1_18' title='bbox 1181 370 1359 425; x_wconf 85' lang='lat' dir='ltr'>alienus,</span> 
     </span>
     <span class='ocr_line' id='line_1_4' title="bbox 247 455 1361 516; baseline -0.009 -8"><span class='ocrx_word' id='word_1_19' title='bbox 247 462 448 508; x_wconf 87' lang='lat' dir='ltr'>seditione</span> <span class='ocrx_word' id='word_1_20' title='bbox 479 466 642 511; x_wconf 82' lang='lat' dir='ltr'>exorta,</span> <span class='ocrx_word' id='word_1_21' title='bbox 671 459 716 500; x_wconf 89' lang='lat' dir='ltr'>in</span> <span class='ocrx_word' id='word_1_22' title='bbox 740 456 920 516; x_wconf 86' lang='lat' dir='ltr'>patriam</span> <span class='ocrx_word' id='word_1_23' title='bbox 947 471 991 501; x_wconf 90' lang='lat' dir='ltr'>se</span> <span class='ocrx_word' id='word_1_24' title='bbox 1017 455 1190 501; x_wconf 85' lang='lat' dir='ltr'>contulit</span> <span class='ocrx_word' id='word_1_25' title='bbox 1218 469 1361 507; x_wconf 86' lang='lat' dir='ltr'>suam,</span> 
     </span>
     <span class='ocr_line' id='line_1_5' title="bbox 245 537 1359 602; baseline -0.008 -12"><span class='ocrx_word' id='word_1_26' title='bbox 245 554 284 591; x_wconf 79' lang='lat' dir='ltr'>et</span> <span class='ocrx_word' id='word_1_27' title='bbox 317 546 401 602; x_wconf 85' lang='lat' dir='ltr'>jam</span> <span class='ocrx_word' id='word_1_28' title='bbox 436 544 478 587; x_wconf 89' lang='lat' dir='ltr'>in</span> <span class='ocrx_word' id='word_1_29' title='bbox 512 540 741 588; x_wconf 86' lang='lat' dir='ltr'>Academia</span> <span class='ocrx_word' id='word_1_30' title='bbox 762 538 1067 598; x_wconf 79' lang='lat' dir='ltr'>Freyburgensi</span> <span class='ocrx_word' id='word_1_31' title='bbox 1092 537 1266 582; x_wconf 82' lang='lat' dir='ltr'><strong>feliciter</strong></span> <span class='ocrx_word' id='word_1_32' title='bbox 1294 537 1359 595; x_wconf 89' lang='lat' dir='ltr'>jus</span> 
     </span>
     <span class='ocr_line' id='line_1_6' title="bbox 244 620 1360 683; baseline -0.009 -9"><span class='ocrx_word' id='word_1_33' title='bbox 244 631 381 674; x_wconf 90' lang='lat' dir='ltr'>docet.</span> <span class='ocrx_word' id='word_1_34' title='bbox 414 649 465 659; x_wconf 90' lang='lat'>-</span> <span class='ocrx_word' id='word_1_35' title='bbox 525 626 609 671; x_wconf 92' lang='lat' dir='ltr'>Diu</span> <span class='ocrx_word' id='word_1_36' title='bbox 644 625 712 669; x_wconf 89' lang='lat' dir='ltr'>ille</span> <span class='ocrx_word' id='word_1_37' title='bbox 761 623 897 683; x_wconf 87' lang='lat' dir='ltr'><strong>prosit</strong></span> <span class='ocrx_word' id='word_1_38' title='bbox 936 622 1049 666; x_wconf 87' lang='lat' dir='ltr'>Juris</span> <span class='ocrx_word' id='word_1_39' title='bbox 1064 620 1360 665; x_wconf 88' lang='lat' dir='ltr'>Consultorum</span> 
     </span>
     <span class='ocr_line' id='line_1_7' title="bbox 246 704 1363 760; baseline -0.009 -2"><span class='ocrx_word' id='word_1_40' title='bbox 246 713 417 760; x_wconf 79' lang='lat' dir='ltr'>ordini!</span> <span class='ocrx_word' id='word_1_41' title='bbox 451 719 490 756; x_wconf 84' lang='lat' dir='ltr'>et</span> <span class='ocrx_word' id='word_1_42' title='bbox 527 711 780 754; x_wconf 86' lang='lat' dir='ltr'>documento</span> <span class='ocrx_word' id='word_1_43' title='bbox 812 708 865 751; x_wconf 89' lang='lat' dir='ltr'>sit</span> <span class='ocrx_word' id='word_1_44' title='bbox 894 707 1018 751; x_wconf 90' lang='lat' dir='ltr'>nobis</span> <span class='ocrx_word' id='word_1_45' title='bbox 1050 705 1139 750; x_wconf 87' lang='lat' dir='ltr'>Viri</span> <span class='ocrx_word' id='word_1_46' title='bbox 1174 704 1282 749; x_wconf 83' lang='lat' dir='ltr'>illius</span> <span class='ocrx_word' id='word_1_47' title='bbox 1318 704 1363 748; x_wconf 90' lang='lat' dir='ltr'>in</span> 
     </span>
     <span class='ocr_line' id='line_1_8' title="bbox 244 787 1364 843; baseline -0.011 -1"><span class='ocrx_word' id='word_1_48' title='bbox 244 795 515 842; x_wconf 83' lang='lat' dir='ltr'><strong>Academiam</strong></span> <span class='ocrx_word' id='word_1_49' title='bbox 544 801 730 837; x_wconf 82' lang='lat' dir='ltr'>nostram</span> <span class='ocrx_word' id='word_1_50' title='bbox 768 791 994 843; x_wconf 79' lang='lat' dir='ltr'>adventus,</span> <span class='ocrx_word' id='word_1_51' title='bbox 1034 796 1143 833; x_wconf 81' lang='lat' dir='ltr'>artes</span> <span class='ocrx_word' id='word_1_52' title='bbox 1167 796 1207 832; x_wconf 82' lang='lat' dir='ltr'>et</span> <span class='ocrx_word' id='word_1_53' title='bbox 1233 787 1364 832; x_wconf 73' lang='lat' dir='ltr'>disci-</span> 
     </span>
     <span class='ocr_line' id='line_1_9' title="bbox 243 871 1362 940; baseline -0.008 -16"><span class='ocrx_word' id='word_1_54' title='bbox 243 881 381 940; x_wconf 85' lang='lat' dir='ltr'>plinas</span> <span class='ocrx_word' id='word_1_55' title='bbox 419 893 504 922; x_wconf 91' lang='lat' dir='ltr'>non</span> <span class='ocrx_word' id='word_1_56' title='bbox 541 877 661 920; x_wconf 92' lang='lat' dir='ltr'>huius</span> <span class='ocrx_word' id='word_1_57' title='bbox 704 891 793 920; x_wconf 85' lang='lat' dir='ltr'>esse</span> <span class='ocrx_word' id='word_1_58' title='bbox 839 874 996 918; x_wconf 88' lang='lat' dir='ltr'>illiusve</span> <span class='ocrx_word' id='word_1_59' title='bbox 1042 872 1243 931; x_wconf 82' lang='lat' dir='ltr'>regionis,</span> <span class='ocrx_word' id='word_1_60' title='bbox 1287 871 1362 916; x_wconf 87' lang='lat' dir='ltr'>sed</span> 
     </span>
     <span class='ocr_line' id='line_1_10' title="bbox 242 956 1306 1009; baseline -0.009 0"><span class='ocrx_word' id='word_1_61' title='bbox 242 978 342 1009; x_wconf 83' lang='lat' dir='ltr'>vero</span> <span class='ocrx_word' id='word_1_62' title='bbox 369 963 493 1006; x_wconf 80' lang='lat' dir='ltr'>Viros</span> <span class='ocrx_word' id='word_1_63' title='bbox 523 961 671 1004; x_wconf 81' lang='lat' dir='ltr'>doctos</span> <span class='ocrx_word' id='word_1_64' title='bbox 712 958 827 1003; x_wconf 86' lang='lat' dir='ltr'>orbis</span> <span class='ocrx_word' id='word_1_65' title='bbox 860 958 1009 1002; x_wconf 69' lang='lat' dir='ltr'>literati</span> <span class='ocrx_word' id='word_1_66' title='bbox 1047 971 1137 1001; x_wconf 89' lang='lat' dir='ltr'>esse</span> <span class='ocrx_word' id='word_1_67' title='bbox 1175 956 1306 1000; x_wconf 84' lang='lat' dir='ltr'>cives!</span> 
     </span>
    </p>
   </div>
   <div class='ocr_carea' id='block_1_3' title="bbox 243 1123 1362 1434">
    <p class='ocr_par' dir='ltr' id='par_1_3' title="bbox 243 1123 1362 1434">
     <span class='ocr_line' id='line_1_11' title="bbox 301 1123 1359 1187; baseline -0.006 -14"><span class='ocrx_word' id='word_1_68' title='bbox 301 1130 428 1187; x_wconf 79' lang='lat' dir='ltr'>Quod</span> <span class='ocrx_word' id='word_1_69' title='bbox 465 1143 564 1173; x_wconf 76' lang='lat' dir='ltr'>sane</span> <span class='ocrx_word' id='word_1_70' title='bbox 598 1128 696 1172; x_wconf 81' lang='lat' dir='ltr'>Tibi</span> <span class='ocrx_word' id='word_1_71' title='bbox 737 1126 1022 1185; x_wconf 83' lang='lat' dir='ltr'>significarunt</span> <span class='ocrx_word' id='word_1_72' title='bbox 1061 1125 1203 1178; x_wconf 75' lang='lat' dir='ltr'>scoti,</span> <span class='ocrx_word' id='word_1_73' title='bbox 1246 1123 1359 1168; x_wconf 80' lang='lat' dir='ltr'><strong>Clar.</strong></span> 
     </span>
     <span class='ocr_line' id='line_1_12' title="bbox 243 1208 1362 1267; baseline -0.006 -9"><span class='ocrx_word' id='word_1_74' title='bbox 243 1214 399 1266; x_wconf 85' lang='lat' dir='ltr'>Moll,</span> <span class='ocrx_word' id='word_1_75' title='bbox 432 1227 526 1256; x_wconf 86' lang='lat' dir='ltr'>cum</span> <span class='ocrx_word' id='word_1_76' title='bbox 553 1212 905 1267; x_wconf 78' lang='lat' dir='ltr'>Edimburgenses</span> <span class='ocrx_word' id='word_1_77' title='bbox 933 1210 996 1254; x_wconf 83' lang='lat' dir='ltr'>Te</span> <span class='ocrx_word' id='word_1_78' title='bbox 1030 1209 1194 1253; x_wconf 86' lang='lat' dir='ltr'>civitate</span> <span class='ocrx_word' id='word_1_79' title='bbox 1224 1208 1362 1252; x_wconf 80' lang='lat' dir='ltr'>dona-</span> 
     </span>
     <span class='ocr_line' id='line_1_13' title="bbox 243 1291 1357 1353; baseline -0.008 -10"><span class='ocrx_word' id='word_1_80' title='bbox 243 1306 357 1350; x_wconf 84' lang='lat' dir='ltr'><strong>rent,</strong></span> <span class='ocrx_word' id='word_1_81' title='bbox 390 1297 442 1340; x_wconf 86' lang='lat' dir='ltr'>de</span> <span class='ocrx_word' id='word_1_82' title='bbox 469 1312 553 1353; x_wconf 90' lang='lat' dir='ltr'>quo</span> <span class='ocrx_word' id='word_1_83' title='bbox 580 1294 780 1353; x_wconf 67' lang='lat' dir='ltr'>gioriatur</span> <span class='ocrx_word' id='word_1_84' title='bbox 808 1293 949 1337; x_wconf 79' lang='lat' dir='ltr'>Patria</span> <span class='ocrx_word' id='word_1_85' title='bbox 978 1300 1137 1337; x_wconf 83' lang='lat' dir='ltr'>nostra.</span> <span class='ocrx_word' id='word_1_86' title='bbox 1199 1291 1266 1336; x_wconf 86' lang='lat' dir='ltr'>Tu</span> <span class='ocrx_word' id='word_1_87' title='bbox 1298 1291 1357 1335; x_wconf 88' lang='lat' dir='ltr'>uti</span> 
     </span>
     <span class='ocr_line' id='line_1_14' title="bbox 245 1375 1360 1434; baseline -0.008 -7"><span class='ocrx_word' id='word_1_88' title='bbox 245 1381 516 1428; x_wconf 82' lang='lat' dir='ltr'>Academiam</span> <span class='ocrx_word' id='word_1_89' title='bbox 542 1387 728 1423; x_wconf 80' lang='lat' dir='ltr'>nostram</span> <span class='ocrx_word' id='word_1_90' title='bbox 746 1411 757 1432; x_wconf 91' lang='lat'>,</span> <span class='ocrx_word' id='word_1_91' title='bbox 781 1377 837 1421; x_wconf 84' lang='lat' dir='ltr'>ita</span> <span class='ocrx_word' id='word_1_92' title='bbox 865 1385 978 1420; x_wconf 85' lang='lat' dir='ltr'>tuam</span> <span class='ocrx_word' id='word_1_93' title='bbox 1004 1375 1265 1434; x_wconf 84' lang='lat' dir='ltr'>disciplinam</span> <span class='ocrx_word' id='word_1_94' title='bbox 1283 1390 1360 1434; x_wconf 87' lang='lat' dir='ltr'>per</span> 
     </span>
    </p>
   </div>
   <div class='ocr_carea' id='block_1_4' title="bbox 245 1462 915 1511">
    <p class='ocr_par' dir='ltr' id='par_1_4' title="bbox 245 1462 915 1511">
     <span class='ocr_line' id='line_1_15' title="bbox 245 1462 915 1511; baseline -0.01 0"><span class='ocrx_word' id='word_1_95' title='bbox 245 1468 391 1511; x_wconf 85' lang='lat' dir='ltr'>orbem</span> <span class='ocrx_word' id='word_1_96' title='bbox 424 1466 628 1509; x_wconf 84' lang='lat' dir='ltr'>literatum</span> <span class='ocrx_word' id='word_1_97' title='bbox 661 1462 731 1506; x_wconf 90' lang='lat' dir='ltr'>diu</span> <span class='ocrx_word' id='word_1_98' title='bbox 763 1463 915 1505; x_wconf 81' lang='lat' dir='ltr'>ornes!</span> 
     </span>
    </p>
   </div>
   <div class='ocr_carea' id='block_1_5' title="bbox 240 1628 1360 2268">
    <p class='ocr_par' dir='ltr' id='par_1_5' title="bbox 240 1628 1360 2268">
     <span class='ocr_line' id='line_1_16' title="bbox 301 1628 1355 1692; baseline -0.009 -15"><span class='ocrx_word' id='word_1_99' title='bbox 301 1633 464 1692; x_wconf 87' lang='lat' dir='ltr'>Quodsi</span> <span class='ocrx_word' id='word_1_100' title='bbox 498 1645 599 1675; x_wconf 82' lang='lat' dir='ltr'>vero</span> <span class='ocrx_word' id='word_1_101' title='bbox 636 1628 817 1672; x_wconf 76' lang='lat' dir='ltr'>lactandi</span> <span class='ocrx_word' id='word_1_102' title='bbox 847 1641 1015 1670; x_wconf 81' lang='lat' dir='ltr'>causam</span> <span class='ocrx_word' id='word_1_103' title='bbox 1050 1638 1355 1676; x_wconf 81' lang='lat' dir='ltr'>memoramus,</span> 
     </span>
     <span class='ocr_line' id='line_1_17' title="bbox 243 1699 1359 1772; baseline -0.01 -10"><span class='ocrx_word' id='word_1_104' title='bbox 243 1719 305 1762; x_wconf 88' lang='lat' dir='ltr'>vel</span> <span class='ocrx_word' id='word_1_105' title='bbox 337 1717 457 1760; x_wconf 84' lang='lat' dir='ltr'>fallor</span> <span class='ocrx_word' id='word_1_106' title='bbox 489 1715 707 1772; x_wconf 82' lang='lat' dir='ltr'>equidem,</span> <span class='ocrx_word' id='word_1_107' title='bbox 738 1712 800 1756; x_wconf 86' lang='lat' dir='ltr'>vel</span> <span class='ocrx_word' id='word_1_108' title='bbox 832 1710 998 1770; x_wconf 84' lang='lat' dir='ltr'>plurimi</span> <span class='ocrx_word' id='word_1_109' title='bbox 1035 1699 1216 1753; x_wconf 67' lang='lat' dir='ltr'>vestrum</span> <span class='ocrx_word' id='word_1_110' title='bbox 1253 1722 1359 1752; x_wconf 89' lang='lat' dir='ltr'>ocu-</span> 
     </span>
     <span class='ocr_line' id='line_1_18' title="bbox 240 1792 1360 1858; baseline -0.012 -12"><span class='ocrx_word' id='word_1_111' title='bbox 240 1803 310 1847; x_wconf 86' lang='lat' dir='ltr'>los</span> <span class='ocrx_word' id='word_1_112' title='bbox 351 1802 435 1858; x_wconf 81' lang='lat' dir='ltr'>jam</span> <span class='ocrx_word' id='word_1_113' title='bbox 482 1800 633 1843; x_wconf 79' lang='lat' dir='ltr'>infixos</span> <span class='ocrx_word' id='word_1_114' title='bbox 687 1795 849 1840; x_wconf 82' lang='lat' dir='ltr'>habetis</span> <span class='ocrx_word' id='word_1_115' title='bbox 901 1795 944 1836; x_wconf 91' lang='lat' dir='ltr'>in</span> <span class='ocrx_word' id='word_1_116' title='bbox 997 1792 1199 1836; x_wconf 87' lang='lat' dir='ltr'>seniorem</span> <span class='ocrx_word' id='word_1_117' title='bbox 1255 1806 1360 1835; x_wconf 90' lang='lat' dir='ltr'>nos-</span> 
     </span>
     <span class='ocr_line' id='line_1_19' title="bbox 242 1876 1360 1939; baseline -0.011 -9"><span class='ocrx_word' id='word_1_118' title='bbox 242 1894 378 1937; x_wconf 89' lang='lat' dir='ltr'>trum,</span> <span class='ocrx_word' id='word_1_119' title='bbox 420 1883 736 1939; x_wconf 80' lang='lat' dir='ltr'>Heringam,</span> <span class='ocrx_word' id='word_1_120' title='bbox 776 1878 921 1922; x_wconf 82' lang='lat' dir='ltr'>Virum</span> <span class='ocrx_word' id='word_1_121' title='bbox 951 1876 1089 1929; x_wconf 61' lang='lat' dir='ltr'>Clas„</span> <span class='ocrx_word' id='word_1_122' title='bbox 1120 1881 1251 1919; x_wconf 82' lang='lat' dir='ltr'>aetate</span> <span class='ocrx_word' id='word_1_123' title='bbox 1288 1890 1360 1919; x_wconf 87' lang='lat' dir='ltr'>se-</span> 
     </span>
     <span class='ocr_line' id='line_1_20' title="bbox 243 1960 1356 2021; baseline -0.013 -6"><span class='ocrx_word' id='word_1_124' title='bbox 243 1976 503 2020; x_wconf 79' lang='lat' dir='ltr'>nescentem,</span> <span class='ocrx_word' id='word_1_125' title='bbox 558 1967 698 2010; x_wconf 86' lang='lat' dir='ltr'>animo</span> <span class='ocrx_word' id='word_1_126' title='bbox 739 1962 993 2021; x_wconf 79' lang='lat' dir='ltr'>ingenioque</span> <span class='ocrx_word' id='word_1_127' title='bbox 1041 1960 1258 2018; x_wconf 83' lang='lat' dir='ltr'>vigentem.</span> <span class='ocrx_word' id='word_1_128' title='bbox 1306 1982 1356 1990; x_wconf 86' lang='lat'>—-</span> 
     </span>
     <span class='ocr_line' id='line_1_21' title="bbox 243 2043 1357 2101; baseline -0.012 -2"><span class='ocrx_word' id='word_1_129' title='bbox 243 2052 545 2099; x_wconf 87' lang='lat' dir='ltr'>Felicissimum</span> <span class='ocrx_word' id='word_1_130' title='bbox 571 2049 706 2094; x_wconf 75' lang='lat' dir='ltr'>vixisti</span> <span class='ocrx_word' id='word_1_131' title='bbox 733 2048 865 2100; x_wconf 81' lang='lat' dir='ltr'>diem,</span> <span class='ocrx_word' id='word_1_132' title='bbox 895 2044 1233 2101; x_wconf 84' lang='lat' dir='ltr'>conjunctissime</span> <span class='ocrx_word' id='word_1_133' title='bbox 1250 2043 1357 2087; x_wconf 69' lang='lat' dir='ltr'>Col·</span> 
     </span>
     <span class='ocr_line' id='line_1_22' title="bbox 244 2133 1357 2198; baseline -0.009 -16"><span class='ocrx_word' id='word_1_134' title='bbox 244 2140 356 2198; x_wconf 82' lang='lat' dir='ltr'>lega!</span> <span class='ocrx_word' id='word_1_135' title='bbox 390 2152 473 2195; x_wconf 91' lang='lat' dir='ltr'>quo</span> <span class='ocrx_word' id='word_1_136' title='bbox 509 2151 587 2196; x_wconf 79' lang='lat' dir='ltr'>per</span> <span class='ocrx_word' id='word_1_137' title='bbox 617 2133 893 2192; x_wconf 80' lang='lat' dir='ltr'>quadraginta</span> <span class='ocrx_word' id='word_1_138' title='bbox 932 2144 1087 2181; x_wconf 86' lang='lat' dir='ltr'>annos,</span> <span class='ocrx_word' id='word_1_139' title='bbox 1119 2153 1169 2159; x_wconf 87' lang='lat'>——-</span> <span class='ocrx_word' id='word_1_140' title='bbox 1202 2143 1357 2184; x_wconf 80' lang='lat' dir='ltr'>cosque</span> 
     </span>
     <span class='ocr_line' id='line_1_23' title="bbox 246 2213 1357 2268; baseline -0.012 0"><span class='ocrx_word' id='word_1_141' title='bbox 246 2223 504 2268; x_wconf 71' lang='lat' dir='ltr'>turbulentos</span> <span class='ocrx_word' id='word_1_142' title='bbox 534 2219 782 2263; x_wconf 78' lang='lat' dir='ltr'>admodum!</span> <span class='ocrx_word' id='word_1_143' title='bbox 820 2240 866 2247; x_wconf 82' lang='lat'>--</span> <span class='ocrx_word' id='word_1_144' title='bbox 904 2215 1154 2260; x_wconf 67' lang='lat' dir='ltr'>(Iathedram</span> <span class='ocrx_word' id='word_1_145' title='bbox 1193 2213 1357 2257; x_wconf 74' lang='lat' dir='ltr'>tenuisti</span> 
     </span>
    </p>
   </div>
   <div class='ocr_carea' id='block_1_6' title="bbox 1530 887 1538 1469">
    <p class='ocr_par' dir='ltr' id='par_1_6' title="bbox 1530 887 1538 1469">
     <span class='ocr_line' id='line_1_24' title="bbox 1530 887 1538 1469; baseline 0 0"><span class='ocrx_word' id='word_1_146' title='bbox 1530 887 1538 1469; x_wconf 95' lang='lat' dir='ltr'> </span> 
     </span>
    </p>
   </div>
  </div>
 </body>
</html>
