1487 2703
241 174 288 209 80
469 172 1135 213 COMMENTATIO

243 280 279 316 in
317 279 532 317 libidinosas
568 281 778 328 voluptates
796 310 809 330 ‚
835 282 956 320 autin
979 283 1106 321 ludum
1140 283 1346 332 impendat,

242 350 328 386 dum
365 350 502 399 conjux
538 362 579 387 ac
617 351 721 388 liberi
755 362 825 398 ea,
873 363 965 399 quae
1004 353 1048 390 ad
1082 353 1220 392 victum
1254 365 1350 401 quo-

239 419 414 456 tidianum
440 421 642 457 necessaria
671 429 786 468 sunt,
840 421 902 458 vix
929 421 1089 460 habent:
1144 411 1232 462 sane
1269 433 1345 462 non

237 490 433 526 honestum
451 517 463 536 ‚
499 497 558 527 ast
587 489 728 527 licitum
759 499 879 528 tamen
905 490 1008 528 facit.

287 559 476 597 Praeterea
516 560 717 597 secundum
745 559 901 598 Ethices
939 569 1132 609 praecepta
1162 573 1247 600 vera
1281 563 1352 599 ho-

234 636 358 664 nestas
393 636 456 665 aut
484 628 679 676 turpitudo
718 639 794 666 non
822 638 894 667 tam
922 641 969 667 ex
993 629 1129 678 factis,
1159 642 1268 683 quam
1304 642 1350 669 ex

232 708 360 735 norma
394 698 554 746 agendi,
607 707 643 736 et
676 698 796 747 ipsius
832 699 943 737 animi
985 699 1114 737 habitu
1148 699 1353 748 dijudican-

236 776 320 805 tur:
349 768 435 806 dum
469 768 568 805 hunc
607 769 796 815 legislator
821 780 943 816 neque
969 778 1115 816 vetare,
1145 780 1266 816 neque
1291 769 1354 818 jn·

236 836 322 874 bere
355 846 509 884 potest,
549 838 614 875 sed
649 847 791 876 tantum
825 839 1005 886 respicere
1034 840 1079 877 ad
1110 839 1204 877 facta
1232 847 1350 877 exter-

234 916 306 953 na,
336 918 454 954 quae,
482 911 514 944 si
540 919 606 954 per
632 919 671 944 se
696 908 787 945 nihil
813 917 921 956 turpe
948 909 1115 954 habent,
1141 920 1208 956 per
1231 909 1349 956 legem

233 975 342 1013 licere
385 976 550 1023 debent,
602 977 672 1014 ersi
719 987 872 1024 propter
926 977 1166 1014 inhonestum
1211 977 1346 1015 mentis

236 1055 405 1091 motum,
435 1046 500 1092 qui
537 1046 581 1083 ad
610 1057 651 1084 ea
690 1047 883 1093 incitavit,
910 1046 1046 1084 Ethice
1072 1046 1345 1094 improbentur.

233 1114 333 1151 Haec
374 1115 481 1152 etiam
521 1113 728 1154 differentia
763 1116 963 1165 perspicua
999 1125 1057 1154 est
1097 1116 1135 1153 in
1175 1117 1346 1165 exemplo

232 1184 343 1221 modo
375 1185 502 1223 allato.

279 1254 454 1292 Attamen
487 1241 563 1293 non
589 1257 800 1304 credimus,
822 1257 918 1294 facta
943 1257 1026 1294 talia
1051 1257 1244 1296 honestate
1283 1269 1348 1296 ve-

227 1321 317 1368 tita,
347 1325 484 1373 justam
515 1325 688 1373 praebere
715 1325 955 1374 obligationis
991 1338 1153 1365 causam.
1182 1327 1242 1366 Sic
1265 1327 1345 1375 ipsa

230 1392 386 1430 ebrietas
431 1405 498 1440 per
545 1395 663 1443 legem
706 1395 859 1433 omnino
904 1396 1004 1433 licita
1050 1405 1135 1443 est;
1189 1407 1344 1442 verum,

229 1475 343 1510 quum
377 1464 511 1502 Ethice
553 1466 810 1513 improbetur,
851 1466 951 1502 nulla
986 1465 1084 1503 foret
1113 1466 1347 1514 conventio,

232 1543 303 1579 qua
351 1533 435 1579 quis
483 1533 745 1581 obligationem
804 1533 1032 1582 susciperet,
1087 1543 1129 1572 ut
1179 1535 1348 1583 quotidie

230 1602 354 1640 ebrius
400 1611 511 1641 esset.
588 1603 704 1640 Aliud
737 1603 909 1641 nimirum
944 1612 1023 1651 est,
1062 1612 1185 1642 vetare
1221 1606 1343 1653 quid,

229 1672 351 1719 aliud,
379 1672 494 1710 eidem
531 1673 786 1710 auctoritatem
813 1685 916 1711 suam
938 1673 1128 1719 tribuere,
1156 1675 1259 1721 quod
1285 1675 1346 1713 lex

230 1750 353 1789 aperte
388 1733 548 1788 faceret,
582 1742 616 1780 si
656 1742 793 1781 talibus
829 1743 1143 1782 conventionibus
1185 1744 1343 1792 aliquam

228 1813 445 1849 concederet
479 1812 570 1850 vim.

277 1882 389 1921 Unde
425 1882 539 1929 igitur
573 1883 618 1919 ad
658 1894 725 1928 ea,
769 1894 862 1930 quae
893 1884 950 1920 lex
990 1894 1163 1931 expresse
1189 1883 1345 1921 declarat

229 1960 358 1988 contra
390 1951 512 1989 bonos
548 1963 668 1989 mores
699 1962 811 1997 esse,
854 1953 993 2001 quippe
1032 1963 1126 2000 quae
1158 1960 1247 1990 sunt
1283 1953 1346 1990 ad-

228 2021 377 2058 modum
415 2032 553 2068 pauca,
591 2020 783 2058 articulum
811 2032 886 2058 nou
912 2030 1085 2069 putemus
1120 2021 1346 2068 restringen-

227 2091 341 2137 dum3
372 2102 486 2137 quum
522 2090 575 2128 sic
612 2090 704 2139 legis
731 2090 1014 2139 dispositionem
1040 2090 1150 2128 nimis
1173 2089 1343 2138 angustis

226 2158 507 2198 circumscribas
542 2160 707 2198 terminis
741 2171 781 2197 ac
815 2160 938 2208 pravis
970 2160 1138 2198 moribus
1172 2169 1341 2208 campum

230 2230 414 2278 relinquas
454 2230 563 2268 n³mis
599 2231 725 2269 latum.
1330 2273 1338 2282 ι

1281 2301 1343 2338 Di.
