1544 2693
291 174 344 217 1'8
507 174 685 218 1113va
716 172 840 218 JOH.
874 172 1190 217 ROYAARDS

293 323 383 351 mus
400 336 413 359 ,
437 306 621 350 sincerus
645 306 807 361 Deique
836 319 977 349 amans
993 337 1003 356 ‚
1035 306 1221 362 illiusque
1246 306 1401 363 gloriae

295 389 528 435 evehendae
557 389 693 433 studio
724 388 896 441 ductus,
930 403 1016 446 quo
1051 397 1197 434 cuncta
1225 404 1250 433 a
1277 389 1397 443 Deo,

295 488 492 533 supremo
514 498 516 504 ‹
535 487 676 517 rerum
713 471 1003 525 moderatore,
1051 480 1270 532 repetunt3
1313 487 1399 530 quo

294 557 406 600 Illius
441 570 522 615 ope
568 562 717 599 cuncta
740 569 785 599 se
806 554 1006 613 perficere
1036 569 1160 613 posse
1189 562 1398 609 statuunt3

295 640 352 683 ad
380 639 517 683 Deum
549 637 815 696 popularium
845 637 1005 681 animos
1036 637 1249 695 dirigunt,
1287 645 1334 683 ut
1358 644 1400 681 'et

296 722 339 765 hi
384 721 594 779 religionis
634 735 803 765 causam
837 735 861 764 a
894 721 1130 779 Republica
1169 735 1222 765 ne
1257 735 1401 766 secer-

294 807 473 851 nendam
500 805 696 849 habeant.
743 804 829 849 Sed
860 804 965 849 haec
988 805 1222 857 mittamus,
1247 819 1300 848 ne
1325 819 1399 848 ar-

298 896 588 947 gumentorum
619 888 743 947 copia
774 903 848 932 sua
878 902 956 932 nos
983 888 1132 932 obruat
1157 887 1279 932 mole.
1323 886 1398 931 Vi-

296 987 390 1016 rum
433 971 656 1016 excitemus
690 970 990 1030 Reipublicae,
1014 970 1261 1014 moderante
1282 969 1398 1023 Deo,

294 1062 494 1100 statorem
518 1063 559 1100 et
584 1055 816 1109 vindicem,
841 1054 1196 1099 Guilielmum
1230 1054 1400 1098 Arau-

295 1140 526 1193 siacum,
556 1140 722 1184 Patriae
751 1140 919 1184 Patrem
943 1147 1007 1188 (6).

349 1307 468 1364 Quae
517 1306 624 1350 enim
686 1306 730 1348 in
791 1304 906 1348 omni
967 1304 1095 1362 viguit
1161 1304 1397 1363 Republica

294 1391 453 1449 pietas,
516 1390 627 1434 hanc
678 1389 839 1447 egregie
883 1389 1020 1432 retulit
1064 1387 1271 1432 Guilielmi
1312 1388 1396 1432 vita

293 1474 476 1532 politica.
550 1473 676 1517 Cuius
721 1471 916 1516 taciturni
958 1471 1162 1530 principis
1203 1471 1282 1516 rite
1320 1486 1394 1516 ce—

291 1558 505 1601 lebrantur
564 1564 722 1601 vastum
775 1555 1013 1613 ingenium,
1076 1554 1395 1613 incomparabi-

289 1641 340 1684 lis
379 1655 542 1685 morum
578 1639 812 1684 constantia
836 1671 847 1691 ,
897 1637 1103 1695 sagacitas
1148 1644 1189 1681 et
1222 1637 1393 1697 politica

288 1723 541 1781 prudentia,
580 1722 686 1766 adeo
728 1729 772 1764 ut
806 1720 912 1764 illius
944 1705 1154 1778 ingenium
1181 1720 1289 1765 vires
1328 1722 1395 1766 fe-

287 1821 334 1850 re
360 1805 647 1852 moderaretur
677 1805 809 1862 gentis
842 1810 1032 1856 nostrae,
1064 1803 1184 1848 huius
1208 1803 1390 1849 animum

279 1889 562 1948 perspicimus
605 1889 802 1939 interius,
848 1887 921 1930 ubi
972 1887 1318 1947 principium,
1367 1904 1389 1934 e

286 1987 372 2030 quo
403 1973 582 2032 plurima
614 1973 843 2022 fluxerunt,
876 1970 1185 2015 attenderimus.

338 2057 496 2100 Pietate
531 2056 759 2100 ducebatur
791 2069 815 2098 a
851 2053 1028 2112 pueritia
1072 2053 1170 2098 inde
1212 2055 1390 2099 Guiliel-

281 2154 388 2183 mus.
501 2139 617 2184 Haec
671 2137 946 2182 constantiam
1006 2137 1104 2180 aluit
1167 2137 1210 2180 in
1269 2139 1388 2184 malis

280 2223 566 2283 perferendi33
603 2223 706 2268 haec
741 2222 846 2267 vires
882 2221 970 2265 viro
1009 2220 1230 2264 immortali
1263 2222 1387 2265 addi..
