1544 2693
552 177 938 223 ORATIO.
1252 181 1308 225 39

187 320 354 359 serunt:
411 314 491 356 Sol
529 317 750 369 justitiae
806 317 994 357 illustra
1051 316 1164 358 nos!
1223 317 1307 371 qud

190 397 327 443 Deum
360 397 589 455 Jesumque
639 399 775 442 omnis
821 398 1051 457 sapientiae
1100 399 1308 443 humanae

190 483 350 527 {butem
382 482 587 528 dixerunt.
619 505 672 516 ·--·
715 483 864 541 Quid?
906 483 1020 540 quod
1058 483 1307 529 Senaculum

186 567 288 611 illud
322 574 539 621 nostrum,
575 568 691 624 quod
728 562 1188 627 int'ratisfsaepissime,
1219 568 1309 626 sig-

183 650 406 697 nificarunt
456 652 754 711 inscriptione,
815 652 897 695 illic
928 652 1081 697 obvia:
1138 655 1308 696 Pieta-

187 740 249 781 tis
274 746 323 781 et
357 740 594 780 doctrinae
628 739 900 780 Sacrariam
913 757 936 790 ,·
992 737 1109 794 quod
1146 737 1308 796 primus

185 821 309 866 huius
337 820 519 866 Scholae
547 828 587 866 et
607 820 861 865 Academiae
886 821 1153 880 Theologus,
1186 822 1308 866 Gis-

184 905 377 950 bertus
401 904 469 950 ille
494 905 568 950 Vo
581 905 743 958 etius,
775 912 871 949 ante
895 904 979 949 duo
1000 906 1165 959 secula,
1199 905 1309 950 intra

185 988 266 1034 hos
296 990 414 1048 ipsos
442 989 625 1048 parietes
656 989 795 1049 prima
827 989 1017 1035 oratione
1048 990 1307 1049 Theologica

187 1072 308 1117 dixit:
344 1077 399 1117 cle
419 1076 606 1117 Pietate
626 1090 730 1117 cum
750 1076 940 1117 scientia
962 1078 1204 1131 conjuncta
1219 1086 1306 1126 (26).

185 1155 335 1214 Quid!
364 1181 415 1189 --
448 1172 502 1201 ne
541 1157 622 1202 alia
668 1158 822 1201 addam
843 1181 903 1192 ss-
950 1158 1091 1215 quod,
1131 1158 1309 1204 instituti

184 1241 228 1284 in
252 1241 489 1286 Academiis
527 1242 710 1296 nostris,
747 1241 1032 1286 Ecclesiastici
1066 1241 1308 1286 Academici

184 1324 286 1370 satis
328 1325 580 1378 ostendunt,
635 1325 802 1384 pietatis
850 1325 1038 1370 subsidia
1078 1325 1307 1371 instituisse

179 1409 501 1454 Academiarum
530 1409 822 1454 moderatores
836 1411 857 1453 ’Β

233 1492 349 1537 Haec
366 1508 419 1537 ne
436 1493 765 1546 obliviscamini,
784 1492 813 1536 J
815 1494 989 1537 uvenes!
1023 1491 1088 1535 his
1103 1524 1116 1545 ,
1145 1493 1301 1549 quibus

177 1576 375 1629 vivimus,
420 1577 707 1635 temporibus,
751 1576 902 1633 quibus
944 1575 1081 1619 studia
1127 1576 1306 1620 moralia

179 1668 220 1706 et
245 1660 437 1720 religiosa
464 1676 575 1706 novo
605 1660 815 1720 prodeunt
849 1659 1007 1718 vigore!
1040 1680 1088 1691 —
1122 1659 1307 1705 Succes-

178 1753 320 1791 serunt
353 1746 461 1791 enim
484 1746 545 1789 illi
572 1749 776 1803 majorum
821 1744 945 1788 aetati
974 1744 1081 1797 alia,
1114 1744 1304 1803 religioni

176 1829 313 1874 minus
338 1830 549 1889 proficua,
579 1836 783 1887 tempora«
846 1828 1123 1886 Regnabant,
1153 1843 1303 1873 saecu—

177 1914 221 1958 lo
251 1913 414 1966 XVIII,
458 1912 655 1956 Deismus
684 1911 729 1955 in
753 1911 933 1970 Anglia,
976 1919 1017 1956 et
1045 1912 1304 1956 Materialis-

175 2012 290 2050 mus,
320 1996 698 2056 perniciosissimus
727 1996 820 2050 ille,
855 1996 900 2039 in
931 1996 1090 2050 Gallia,
1122 1980 1229 2042 adeo
1257 2006 1302 2042 ut

173 2080 476 2140 Philosophia,
509 2095 625 2137 quae
658 2081 804 2124 saltem
831 2080 888 2124 ita
916 2080 1154 2133 dicebatur,
1197 2082 1300 2126 reli-

173 2165 309 2224 gionis
338 2166 475 2210 locum
502 2179 712 2224 occupare
741 2165 927 2209 voluerit.
987 2165 1057 2209 Ab
1095 2165 1165 2209 illa
1203 2167 1298 2210 labe

172 2248 351 2295 intactos
385 2251 472 2294 fere
502 2265 591 2294 sese
626 2249 924 2308 praestiterunt
955 2250 1199 2303 Nostrates,
1243 2251 1298 2294 il-
