1487 2703
181 220 248 246 ως
398 202 1062 245 COMMENTATIO

165 347 168 349 Α
227 317 400 353 Attamen
410 314 484 353 huc
500 326 621 363 usque
641 312 912 353 tantumlocuti
930 322 1059 350 sumus
1071 312 1116 350 de
1130 312 1284 350 immen-

177 395 215 422 sa
232 384 461 432 quantitate,
491 396 583 432 quae
601 384 686 422 usui
710 383 928 431 quotidiano
956 382 1111 420 inservit
1125 409 1138 428 ,
1158 392 1279 429 neque

176 454 334 492 vidimus
360 455 405 493 de
429 455 536 502 copia
559 456 669 503 longe
696 452 853 503 majori,
883 463 992 501 quam
1017 451 1097 490 aliis
1118 462 1284 499 praeser-

175 523 242 560 tim
271 523 392 570 locis‚
419 525 490 562 alio
518 535 634 572 scopo
660 525 817 571 colunt3
845 531 959 570 atque
988 521 1110 570 primo
1132 528 1287 569 aspectu

175 593 391 631 incredibile
426 593 503 631 fere
540 605 714 642 apparere
749 600 897 641 potest,
950 592 1097 639 quando
1130 590 1287 640 legimus

175 662 304 700 Solam·
356 662 518 701 tuberosi
571 675 613 712 31
669 663 792 701 varios
848 659 1091 699 adhibitionis
1153 661 1286 699 modos

177 733 336 771 existere
362 733 453 783 (1);
491 733 557 770 sed
593 744 679 770 mox
706 732 751 770 de
775 732 878 769 hisce
909 730 1032 769 fusius
1059 731 1119 769 vel
1148 730 1286 779 passim

176 810 329 851 agetur3
382 813 481 840 nunc
515 810 633 840 autern
677 802 810 848 liceat,
863 810 908 839 ut
948 800 1060 839 verba
1100 800 1288 840 Thaeri

177 882 256 909 mea
293 870 422 910 faciam
452 880 565 919 atque
601 883 685 910 cum
720 871 786 909 illo
820 871 1042 910 exclamem:
1098 897 1129 917 ‚‚
1163 870 1288 920 Gegen

178 967 210 986 ‚,
237 941 351 979 solche
399 940 679 990 Erfahrungen
718 943 758 977 in
802 940 971 980 Groszen
1011 944 1153 979 mHssen
1196 940 1286 979 doch

177 1037 209 1057 ‚,
236 1011 329 1049 wohl
357 1011 431 1048 alle
465 1011 727 1058 theoretische,
763 1011 889 1049 himer
911 1008 990 1048 dem
1023 1011 1287 1049 Schreibtische

177 1107 209 1127 „
236 1080 494 1130 ausgcbrtitcte
517 1081 719 1119 Chimdren
751 1081 842 1119 z‘c'ber
861 1080 921 1119 die
940 1081 1136 1132 physic-he,
1162 1092 1288 1119 mora·

178 1177 209 1196 „
236 1150 346 1188 lische
379 1149 458 1188 und
483 1150 692 1201 politische,
723 1149 996 1189 Schddlichkeic
1027 1150 1095 1189 der
1128 1150 1286 1193 Kartof·

178 1247 209 1266 aa
228 1220 313 1263 feln
341 1220 551 1268 wegfallen.
572 1219 597 1234 ”

231 1288 333 1327 Inter
371 1290 505 1326 multas
529 1288 656 1336 itaque
692 1288 780 1326 alias
801 1289 930 1326 Solam⁸
959 1289 1121 1327 tuberosi
1148 1289 1197 1328 L.
1226 1290 1289 1327 ad·

176 1358 408 1405 bibitiones,
446 1358 605 1405 primum
636 1359 760 1395 locum
798 1365 957 1405 occupat
984 1369 1076 1396 usus
1108 1358 1154 1396 ad
1186 1358 1292 1406 pani-

176 1429 401 1466 ficationem.
454 1429 489 1465 A
509 1427 638 1475 primis
667 1426 764 1464 enim
798 1427 1055 1474 temporibus,
1083 1428 1127 1466 de
1149 1428 1287 1475 quibus

175 1498 334 1546 legimus
370 1497 663 1545 peregrinatores
694 1497 819 1547 Papus
849 1497 949 1545 apud
973 1497 1163 1536 Americae
1185 1498 1289 1536 inco-

174 1569 229 1605 las
260 1567 417 1613 vidisse,
448 1566 560 1603 simul
588 1574 771 1603 testantur
792 1565 980 1606 radicibus
1002 1564 1152 1604 formari
1179 1567 1285 1615 panis

176 1636 364 1685 speciem,
395 1646 503 1683 quam
536 1635 689 1674 Chunno
719 1644 973 1684 vocaverunt,
999 1636 1172 1684 idemque
1204 1648 1287 1685 per·

176 1707 306 1745 hibent
337 1704 398 1744 alii
429 1706 631 1753 scriptores
649 1733 661 1751 ‚
684 1714 795 1752 atque
830 1706 929 1754 apud
952 1705 1114 1754 primum
1139 1706 1284 1755 plantae

177 1788 326 1816 nostrae
368 1775 645 1823 ‘descriptorem
689 1775 777 1813 haec
824 1775 1077 1818 invenimus:
1135 1803 1167 1822 ,,
1202 1776 1286 1814 Indi

180 1876 210 1895 ‚‚
238 1846 424 1885 radicibus
469 1845 575 1893 panis
617 1846 702 1882 loco
748 1853 928 1892 utuntur,
980 1857 1088 1894 quem
1133 1846 1286 1885 Chunno

179 1944 214 1963 ‚‚
240 1923 376 1953 vocant
392 1941 405 1960 ‚
432 1912 588 1951 radicem
618 1913 780 1951 evulsam
802 1913 948 1961 solique
979 1913 1186 1963 expositam
1219 1914 1290 1953 sic-

181 2013 212 2034 „
240 1991 324 2022 cant
341 2011 355 2031 ‚
381 1983 553 2021 siccatam
580 1983 619 2020 in
658 1991 780 2031 partes
813 1983 1058 2032 diffringunt‚
1094 1995 1117 2023 e
1145 1984 1284 2032 quibus

156 2082 211 2103 s„
239 2053 430 2098 edulium,
477 2051 629 2089 Chunno
669 2060 950 2101 nuncupatum,
989 2053 1186 2091 admodum
1221 2052 1286 2090 diu

1159 2150 1190 2170 υ
1216 2123 1286 2161 du·

220 2265 269 2303 (1)
294 2264 342 2291 Cf.
371 2262 553 2290 Gardener’s
580 2262 766 2298 fllagazine,
789 2263 858 2291 Vol.
883 2262 907 2290 1.
930 2269 996 2298 pag.
1018 2265 1084 2298 438.
