1544 2693
382 184 977 231 THEOLOGICA.
1184 182 1203 216 8

123 316 212 347 turo
238 301 437 343 innovandi
473 297 592 337 studio
622 294 778 333 infirmis
811 293 880 332 fint
921 291 1094 338 obiecta,
1121 299 1238 337 quan·

130 386 210 415 tum
245 372 452 414 lacerandae
490 379 525 407 et
560 365 822 406 discindendae
852 361 1036 402 Ecclefiae
1074 359 1241 407 Belgicae

128 445 260 486 existat
291 442 511 492 periculum.
574 438 675 476 Haec
712 445 811 474 certe
852 445 910 472 me
952 429 1160 478 inducuntj,
1200 436 1244 466 ut

130 514 266 555 veteris
293 511 450 550 instituti
485 507 796 548 conservationem
835 502 1027 552 perutilem
1061 500 1239 545 habeam,

131 595 210 622 non
242 591 384 620 tantum
418 578 568 627 singulis
602 575 801 621 coetibus,
829 573 891 611 sed
921 569 1108 610 universae
1133 569 1241 606 etiam

135 653 320 693 Ecclefiae
344 651 527 700 Belgicae.
592 646 787 685 Recordor
822 642 918 680 enim
949 640 1053 689 saepe
1083 639 1244 688 praecla-

135 736 211 763 ram
233 724 329 761 illam
353 722 414 760 M.
441 718 723 767 Agrippae,
751 726 771 751 a
795 711 998 750 maioribus
1018 707 1157 747 nostris
1181 717 1242 744 ce·

134 795 309 832 lebratam
329 789 542 829 sententiam
561 799 571 825 ι
598 783 796 824 concordia
812 793 957 834 parvae
982 792 1039 818 res
1060 785 1248 825 crescunt,

139 861 327 902 discordia?
351 861 537 898 maximae
562 856 800 894 dilabuntur.
832 851 927 901 (88)

629 1001 666 1048 §.
721 1010 757 1046 5.

385 1139 487 1177 Utile
511 1147 564 1176 est
588 1138 794 1186 institutum
822 1135 1029 1173 Homiletis.

157 1312 160 1314 -
204 1283 372 1322 Laudata
393 1283 581 1330 utilitate,
609 1296 653 1323 ex
694 1284 861 1322 instituto
899 1292 1030 1323 nostro
1058 1284 1262 1323 redundan-

155 1366 222 1399 te,
267 1366 351 1392 cum
385 1355 430 1392 ad
463 1354 625 1403 fingulos
665 1356 796 1392 coetus
829 1365 1032 1402 eorumque
1068 1353 1188 1392 socios
1227 1361 1264 1392 et

155 1426 348 1471 alumn05‚
385 1426 443 1473 (§.
474 1427 535 1473 3.)
571 1434 648 1462 tum
683 1425 728 1462 ad
755 1424 955 1462 universam
980 1424 1178 1464 Ecclesiam
1213 1436 1268 1462 re-

157 1493 375 1540 formatam,
409 1506 502 1541 quae
529 1494 567 1531 in
595 1494 720 1542 Belgio
759 1495 867 1532 floret
885 1522 898 1541 ,
926 1495 985 1542 (§.
1015 1494 1078 1543 4.)
1104 1495 1270 1544 spectan-

160 1564 249 1602 dum
273 1573 328 1601 est
348 1564 633 1602 emolumentum
652 1593 664 1612 ,
693 1566 795 1612 quod
821 1576 865 1603 ex
890 1577 935 1604 eo
957 1566 1169 1614 percipiunt
1190 1565 1272 1603 Ho-

126 1623 130 1629 “
166 1632 336 1679 miletae,
361 1632 389 1670 fi
417 1634 565 1681 quidem
589 1634 627 1671 id
650 1645 727 1671 non
752 1635 859 1672 inviti
893 1644 956 1673 aut
979 1635 1094 1684 inepti
1120 1634 1272 1683 sequan-

164 1711 241 1742 tur.
294 1702 355 1741 Eo
393 1704 514 1751 enim,
560 1714 595 1742 et
636 1706 802 1742 molestis
842 1706 1045 1743 liberantur
1079 1706 1205 1753 curis,
1242 1716 1278 1744 ct

168 1774 213 1811 ad
240 1773 401 1811 laborem
437 1773 667 1812 fructuosum
697 1775 967 1824 impelluntur,
1007 1785 1042 1813 et
1067 1774 1280 1813 auditorum

170 1843 462 1883 benevolentiam
486 1844 553 1883 fibi
578 1845 792 1884 conciliant.

225 1913 344 1952 Multi
384 1914 592 1952 Homiletae
612 1943 625 1962 ‚
668 1916 822 1953 maxime
865 1915 1028 1953 iuniores
1074 1923 1110 1953 et
1154 1923 1281 1963 parum

177 1983 390 2031 exercitati,
416 1995 493 2022 non
516 1996 597 2022 raro
624 1986 791 2024 molestis
819 1986 987 2023 laborant
1020 1986 1146 2031 curis,
1176 1994 1293 2031 quan-

179 2053 227 2090 do
254 2063 481 2100 occupantur
507 2053 544 2091 in
572 2054 740 2102 eligendo
763 2063 979 2104 argumento
1010 2063 1046 2092 et
1076 2063 1179 2091 textu
1209 2065 1289 2090 ora->⁶

187 2121 301 2160 tionis
338 2122 467 2161 sacrae.
535 2124 658 2170 Sunt‚
689 2126 725 2162 id
761 2135 857 2163 certe
882 2125 978 2163 fama
1011 2125 1163 2173 accepi,
1201 2124 1294 2172 qui,

1224 2204 1300 2231 non

228 2273 298 2310 (88)
319 2277 512 2308 Senecae,
537 2276 631 2312 Epist.
657 2286 703 2314 94.

713 2335 739 2371 F
769 2349 789 2373 2
