1544 2693
248 177 305 218 38
477 169 658 216 HERM.
689 167 812 214 JOH.
847 164 1165 211 ROYAARDS

311 391 368 437 Et
404 390 464 435 sic
497 388 693 446 quidem,
740 384 793 428 A.
820 383 902 436 A.,
953 389 1098 442 patere
1143 379 1266 425 nobis
1301 379 1368 424 vi·-

257 477 377 520 detur
395 506 408 528 ,
466 473 665 531 pietatem
703 466 956 527 principium
982 498 994 520 ‚
1053 465 1369 510 fundamentum

258 568 299 604 et
331 559 413 604 vim
460 557 548 600 fere
585 553 801 598 motrieem
845 550 1050 595 exstitisse
1096 549 1372 608 Reipublicae

258 649 443 687 nostrae.
516 639 609 683 Hoc
651 651 750 682 sane
788 635 969 694 majores
1004 634 1065 678 illi
1106 633 1229 678 nobis
1271 632 1375 677 reli-

261 732 439 784 querunt
478 722 736 781 exemplum,
767 726 812 764 ut
844 732 988 763 eorum
1026 716 1209 775 vestigiis
1246 715 1377 760 insis-

261 817 466 860 teremus,
518 812 671 862 utque,
724 803 759 847 si
808 801 995 861 germani
1036 815 1179 845 eorum
1217 799 1378 859 posteri

264 892 481 942 dicamur,
522 887 661 947 patria
700 892 845 930 nostra
889 885 1045 944 pietate
1089 891 1128 928 et
1167 882 1379 941 religionis

266 988 409 1019 amore
443 985 532 1016 sese
572 969 836 1014 commendet
864 967 1103 1026 ingentibus
1129 965 1379 1024 Europaeis.

265 1056 399 1102 Vobis
443 1053 706 1114 potissimum
744 1051 974 1112 spectanda
1018 1051 1124 1094 haec
1176 1049 1384 1108 praebent

269 1148 311 1185 et
347 1139 573 1192 imitanda,
612 1137 762 1197 optimi
787 1136 990 1182 Juvenes!
1028 1135 1072 1178 in
1109 1134 1262 1191 quibus
1296 1134 1385 1177 Pa-

269 1223 375 1268 triae
411 1230 450 1267 et
487 1223 722 1265 futurorum
759 1227 997 1278 temporum
1045 1233 1194 1278 spem,
1260 1216 1387 1261 nohis

272 1306 474 1360 mortuis,
511 1305 740 1364 repositam
775 1304 1018 1348 habeamus.
1101 1304 1190 1348 Vos
1226 1308 1386 1355 autem,

273 1389 410 1450 pulcri
434 1396 474 1433 et
497 1388 583 1432 veri
613 1387 750 1432 studio
774 1387 945 1440 imbuti,
965 1387 1110 1430 oculos
1136 1385 1389 1431 convertatis

279 1473 475 1518 continue
513 1474 557 1515 in
595 1486 694 1524 eos,
731 1477 946 1526 tamquam
985 1468 1235 1528 exemplaria
1270 1467 1392 1513 illus-

277 1558 359 1602 tria
391 1556 528 1616 pulcri
569 1555 764 1607 moralis,
824 1553 940 1610 quod
992 1568 1119 1597 unum
1179 1557 1228 1597 τὸ
1267 1555 1391 1598 καλὸν

280 1641 503 1688 celebravit
536 1654 672 1697 nuper
712 1638 881 1682 scholae
906 1637 1148 1681 Socraticae
1177 1637 1222 1680 in
1249 1636 1393 1681 Patria

281 1733 426 1771 nostra
481 1723 803 1780 antesignanus,
866 1722 1065 1779 quodque
1108 1735 1211 1780 prae
1251 1728 1394 1765 caete-

282 1811 340 1856 ris
374 1809 525 1855 excolit
558 1808 704 1866 religio
736 1806 992 1850 Christiana!
1031 1830 1077 1836 -
1111 1806 1261 1850 Nonne
1289 1806 1396 1850 haec

281 1895 326 1940 in
357 1892 475 1938 vobis
514 1891 672 1935 semina
696 1889 875 1935 excitare
903 1890 1151 1933 studuerunt
1184 1889 1309 1934 iidem
1338 1889 1396 1934 illi

283 1980 327 2025 in
357 1977 588 2022 condendis
608 1974 845 2020 Academiis
876 1975 1051 2032 proavi,
1082 1975 1216 2030 iisque
1243 1974 1302 2018 ita
1327 1974 1399 2018 in·-

288 2062 526 2114 stituendis,
552 2067 597 2104 ut
624 2060 720 2103 huic
741 2059 959 2103 satisfieret
984 2059 1159 2102 consilio
1179 2059 1263 2103 (25).
1314 2058 1401 2103 Sa-

288 2148 341 2192 tis
369 2159 577 2205 superque
608 2143 709 2188 illud
742 2143 979 2202 probarunt
1016 2143 1229 2201 symbolo,
1261 2143 1400 2199 quod,

291 2229 539 2276 Academiae
578 2235 771 2280 nostrae,
807 2225 931 2270 veluti
977 2225 1172 2280 criterio,
1219 2227 1402 2287 inscrip—
