1487 2703
215 167 258 210 84
431 162 1092 202 COMMENTATIO

218 282 324 308 mus:
363 280 477 307 unum
509 280 628 308 tamen
657 270 763 308 liceat
790 270 918 309 afferre
955 273 1178 321 exemplum.
1216 272 1318 311 Ordo

218 341 390 388 publicus
430 341 611 388 requirit,
667 350 708 378 ut
751 341 854 388 illis,
909 353 1068 388 quorum
1105 343 1321 390 ingenium,

219 417 373 458 propter
405 409 582 447 minorem
621 418 802 458 aetatem,
841 411 993 448 aliamve
1027 423 1173 450 causam
1208 411 1324 449 imbe-

219 479 341 516 cillius
382 488 462 527 est,
488 479 623 526 aliquis
658 489 931 528 praeponatur,
960 481 1026 528 qui
1060 482 1098 519 in
1129 481 1241 519 rebus
1263 482 1327 520 ad-

224 548 474 587 ministrandis
500 549 544 586 iis
570 549 694 597 adest,
724 561 769 587 ne
796 550 868 598 ipsi
903 562 961 589 eas
989 560 1157 589 curantes
1189 562 1256 588 sua
1285 561 1326 588 ac

221 619 440 658 familiarum
478 619 738 668 possessiones
771 620 989 668 dilapident.
1040 621 1214 659 Attamen
1235 619 1328 658 boni

223 701 344 728 mores
366 689 515 727 minime
545 690 722 737 obstant,
750 690 949 738 quominus
978 698 1014 728 et
1040 691 1107 737 hi,
1135 698 1178 728 ut
1200 700 1328 728 omnes

224 759 316 807 alii,
343 772 428 798 suas
456 771 514 798 res
545 770 694 808 gerant,
721 769 784 798 aut
818 760 890 808 ipsi
922 761 994 798 sibi
1032 761 1234 809 adiutorem
1265 760 1330 797 eli-

225 838 326 874 gant.
380 828 522 868 Contra
555 840 645 866 vero
680 829 827 875 omnia,
869 840 962 877 quae
992 828 1247 876 superioribus
1276 837 1329 864 at-

223 897 400 944 tulimus,
454 898 607 936 erimina
645 907 682 936 et
714 898 869 944 delicta,
923 899 1090 937 ordinem
1137 898 1328 946 publicum

218 968 323 1006 haud
355 967 478 1005 minus
507 969 656 1004 laedunt
683 978 723 1004 ac
759 968 882 1005 bonos
914 979 1052 1005 mores,

275 1038 395 1075 Modo
429 1037 619 1084 vidimus,
646 1037 811 1074 ordinem
848 1036 1042 1084 publicum
1079 1044 1244 1084 spectare
1267 1044 1330 1073 aut

225 1107 417 1155 imperium
446 1115 509 1144 aut
538 1107 660 1155 leges,
688 1105 900 1155 priorisque
924 1107 1064 1143 ratione
1089 1106 1226 1149 nullam
1250 1116 1332 1143 esse

226 1176 532 1227 qualemcumque
568 1175 855 1223 obligationem,
912 1188 1005 1224 quae
1041 1187 1188 1214 causam
1221 1175 1333 1214 habet

227 1245 332 1283 sitam
373 1245 411 1281 in
443 1256 512 1291 cO,
553 1253 593 1282 ut
626 1245 758 1293 privati
798 1257 837 1284 se
867 1245 976 1283 rebus
1019 1245 1164 1294 imperii
1197 1247 1336 1285 immis-

227 1323 346 1353 ceant.
399 1314 511 1352 Tales
546 1325 664 1352 autem
700 1315 907 1353 innumeras
933 1317 1194 1364 unusquisque
1226 1315 1333 1353 facile

228 1384 298 1421 sibi
335 1383 457 1432 fingit.
538 1385 622 1422 Huc
658 1385 840 1433 pertinet,
878 1387 910 1423 si
944 1385 1028 1433 quis
1067 1385 1331 1434 obligationem

231 1454 388 1502 suscipit
421 1453 629 1500 efficiendi,
657 1464 698 1492 ut
724 1463 886 1492 mutetur
918 1455 1060 1503 imperii
1090 1455 1235 1502 forma,
1269 1463 1334 1493 aut

230 1523 339 1561 alicui
367 1524 478 1561 modo
498 1525 688 1572 illegitimo
707 1524 958 1571 magistratum
986 1525 1235 1572 procurandi,
1261 1537 1335 1564 ma-

231 1594 398 1643 gistratui
425 1595 470 1632 ⁴in
503 1605 653 1632 munere
686 1606 756 1632 suo
789 1597 990 1633 exercendo
1036 1595 1270 1642 obsistendi,
1300 1605 1336 1633 et

233 1664 380 1702 similia.

283 1734 482 1784 Quaeritur
503 1743 620 1772 autem
635 1746 748 1781 ,num
776 1736 849 1772 huc
872 1746 1025 1783 quoque
1051 1733 1238 1772 referenda
1259 1735 1332 1781 sit,

235 1805 339 1851 quasi
363 1816 506 1842 causam
535 1805 696 1843 illicitam
731 1805 870 1842 habens
895 1805 1122 1851 conventio,
1149 1816 1222 1852 qua
1244 1806 1335 1843 alter

234 1885 275 1912 se
307 1875 447 1924 obligat
485 1875 523 1912 in
556 1875 704 1913 alterius
742 1875 904 1922 gratiam.
926 1883 1077 1929 petere,
1119 1884 1183 1912 aut
1219 1885 1240 1912 a
1275 1886 1340 1922 pe-

233 1946 345 1983 tendo
384 1946 566 1983 abstinere
599 1945 875 1993 magistratum,
928 1945 1085 1983 aliumve
1121 1943 1284 1982 favorem
1317 1957 1338 1983 a

236 2025 380 2051 summo
415 2015 619 2063 Imperante
645 2016 750 2065 (1)‘.2
791 2014 884 2053 Late
922 2015 995 2063 egit
1030 2015 1075 2052 de
1106 2014 1172 2052 hac
1207 2024 1340 2062 quaes·

1266 2085 1339 2122 tio·

272 2219 322 2254 (ι)
335 2218 535 2255 ,Αρροηίπιυε
552 2228 614 2248 eam
633 2221 838 2255 quaestionem
863 2221 931 2257 hic,
954 2222 1114 2258 quoniam,
1135 2222 1158 2251 si
1180 2221 1287 2251 illicita
1301 2222 1340 2250 sit

1272 2279 1339 2307 talis
