<?xml version="1.0" encoding="UTF-8"?>
<!DOCTYPE html PUBLIC "-//W3C//DTD XHTML 1.0 Transitional//EN"
    "http://www.w3.org/TR/xhtml1/DTD/xhtml1-transitional.dtd">
<html xmlns="http://www.w3.org/1999/xhtml" xml:lang="en" lang="en">
 <head>
  <title>
</title>
<meta http-equiv="Content-Type" content="text/html;charset=utf-8" />
  <meta name='ocr-system' content='tesseract 3.04.00' />
  <meta name='ocr-capabilities' content='ocr_page ocr_carea ocr_par ocr_line ocrx_word'/>
</head>
<body>
  <div class='ocr_page' id='page_1' title='image "annalesacademiae34rhen_0064.png"; bbox 0 0 1544 2693; ppageno 0'>
   <div class='ocr_carea' id='block_1_1' title="bbox 286 180 1181 230">
    <p class='ocr_par' dir='ltr' id='par_1_1' title="bbox 286 180 1181 230">
     <span class='ocr_line' id='line_1_1' title="bbox 286 180 1181 230; baseline 0.006 -5"><span class='ocrx_word' id='word_1_1' title='bbox 286 184 344 226; x_wconf 78' lang='lat'><strong>20</strong></span> <span class='ocrx_word' id='word_1_2' title='bbox 488 180 668 230; x_wconf 79' lang='lat' dir='ltr'><strong>HERM.</strong></span> <span class='ocrx_word' id='word_1_3' title='bbox 700 182 826 228; x_wconf 72' lang='lat'><em>1011.</em></span> <span class='ocrx_word' id='word_1_4' title='bbox 867 182 1181 230; x_wconf 83' lang='lat' dir='ltr'><strong>ROYAARDS</strong></span> 
     </span>
    </p>
   </div>
   <div class='ocr_carea' id='block_1_2' title="bbox 283 314 1394 2296">
    <p class='ocr_par' dir='ltr' id='par_1_2' title="bbox 283 314 1392 1545">
     <span class='ocr_line' id='line_1_2' title="bbox 288 314 1391 375; baseline 0.001 -14"><span class='ocrx_word' id='word_1_5' title='bbox 288 315 497 375; x_wconf 85' lang='lat' dir='ltr'><strong>religionis</strong></span> <span class='ocrx_word' id='word_1_6' title='bbox 531 324 571 361; x_wconf 85' lang='lat' dir='ltr'><strong>et</strong></span> <span class='ocrx_word' id='word_1_7' title='bbox 610 314 940 362; x_wconf 76' lang='lat' dir='ltr'><strong>protestantismi</strong></span> <span class='ocrx_word' id='word_1_8' title='bbox 971 319 1260 364; x_wconf 87' lang='lat' dir='ltr'><strong>vindicandam</strong></span> <span class='ocrx_word' id='word_1_9' title='bbox 1286 333 1391 362; x_wconf 70' lang='lat' dir='ltr'><strong>cau-</strong></span> 
     </span>
     <span class='ocr_line' id='line_1_3' title="bbox 287 401 1392 458; baseline -0.001 -13"><span class='ocrx_word' id='word_1_10' title='bbox 287 416 378 446; x_wconf 86' lang='lat' dir='ltr'><strong>sam</strong></span> <span class='ocrx_word' id='word_1_11' title='bbox 419 401 626 447; x_wconf 87' lang='lat' dir='ltr'><strong>sumsisse.</strong></span> <span class='ocrx_word' id='word_1_12' title='bbox 698 401 811 458; x_wconf 86' lang='lat' dir='ltr'>Quid</span> <span class='ocrx_word' id='word_1_13' title='bbox 856 401 1029 456; x_wconf 86' lang='lat' dir='ltr'><strong>mirum,</strong></span> <span class='ocrx_word' id='word_1_14' title='bbox 1069 404 1176 447; x_wconf 87' lang='lat' dir='ltr'><strong>ferre</strong></span> <span class='ocrx_word' id='word_1_15' title='bbox 1204 402 1273 446; x_wconf 85' lang='lat' dir='ltr'><strong>illa</strong></span> <span class='ocrx_word' id='word_1_16' title='bbox 1303 415 1392 445; x_wconf 73' lang='lat' dir='ltr'><strong>nonv</strong></span> 
     </span>
     <span class='ocr_line' id='line_1_4' title="bbox 287 483 1390 543; baseline -0.001 -15"><span class='ocrx_word' id='word_1_17' title='bbox 287 484 471 542; x_wconf 89' lang='lat' dir='ltr'><strong>potuisse</strong></span> <span class='ocrx_word' id='word_1_18' title='bbox 508 483 622 543; x_wconf 90' lang='lat' dir='ltr'><strong>pium</strong></span> <span class='ocrx_word' id='word_1_19' title='bbox 655 484 864 528; x_wconf 86' lang='lat' dir='ltr'><strong>Guilielmi</strong></span> <span class='ocrx_word' id='word_1_20' title='bbox 904 485 1104 539; x_wconf 86' lang='lat' dir='ltr'><strong>animum,</strong></span> <span class='ocrx_word' id='word_1_21' title='bbox 1144 485 1238 542; x_wconf 89' lang='lat' dir='ltr'><strong>qui,</strong></span> <span class='ocrx_word' id='word_1_22' title='bbox 1266 484 1390 529; x_wconf 84' lang='lat' dir='ltr'><strong>insti-</strong></span> 
     </span>
     <span class='ocr_line' id='line_1_5' title="bbox 286 566 1387 625; baseline 0 -15"><span class='ocrx_word' id='word_1_23' title='bbox 286 567 435 611; x_wconf 88' lang='lat' dir='ltr'><strong>tutrice</strong></span> <span class='ocrx_word' id='word_1_24' title='bbox 459 567 618 618; x_wconf 82' lang='lat' dir='ltr'><strong>Maria,</strong></span> <span class='ocrx_word' id='word_1_25' title='bbox 644 566 854 625; x_wconf 79' lang='lat' dir='ltr'><strong>Hungriae</strong></span> <span class='ocrx_word' id='word_1_26' title='bbox 881 566 1063 625; x_wconf 82' lang='lat' dir='ltr'><strong>Regina,</strong></span> <span class='ocrx_word' id='word_1_27' title='bbox 1092 567 1256 611; x_wconf 87' lang='lat' dir='ltr'><strong>Erasmi</strong></span> <span class='ocrx_word' id='word_1_28' title='bbox 1280 567 1387 611; x_wconf 88' lang='lat' dir='ltr'><strong>ami-</strong></span> 
     </span>
     <span class='ocr_line' id='line_1_6' title="bbox 286 649 1388 708; baseline -0.001 -14"><span class='ocrx_word' id='word_1_29' title='bbox 286 664 365 703; x_wconf 88' lang='lat' dir='ltr'><strong>ca,</strong></span> <span class='ocrx_word' id='word_1_30' title='bbox 397 650 555 694; x_wconf 88' lang='lat' dir='ltr'><strong>semina</strong></span> <span class='ocrx_word' id='word_1_31' title='bbox 591 649 674 707; x_wconf 87' lang='lat' dir='ltr'><strong>jam</strong></span> <span class='ocrx_word' id='word_1_32' title='bbox 714 664 819 707; x_wconf 86' lang='lat' dir='ltr'><strong>puer</strong></span> <span class='ocrx_word' id='word_1_33' title='bbox 847 656 1111 707; x_wconf 76' lang='lat' dir='ltr'><strong>susceperat,</strong></span> <span class='ocrx_word' id='word_1_34' title='bbox 1153 649 1333 708; x_wconf 89' lang='lat' dir='ltr'><strong>primum</strong></span> <span class='ocrx_word' id='word_1_35' title='bbox 1364 665 1388 693; x_wconf 89' lang='lat' dir='ltr'><strong>a</strong></span> 
     </span>
     <span class='ocr_line' id='line_1_7' title="bbox 284 733 1389 794; baseline -0.001 -16"><span class='ocrx_word' id='word_1_36' title='bbox 284 734 528 794; x_wconf 87' lang='lat' dir='ltr'><strong>parentibus</strong></span> <span class='ocrx_word' id='word_1_37' title='bbox 552 733 596 776; x_wconf 88' lang='lat' dir='ltr'><strong>in</strong></span> <span class='ocrx_word' id='word_1_38' title='bbox 618 733 758 776; x_wconf 89' lang='lat' dir='ltr'><strong>animo</strong></span> <span class='ocrx_word' id='word_1_39' title='bbox 780 733 1014 787; x_wconf 68' lang='lat' dir='ltr'><strong>recondita,</strong></span> <span class='ocrx_word' id='word_1_40' title='bbox 1033 743 1081 782; x_wconf 89' lang='lat'><strong>(7)</strong></span> <span class='ocrx_word' id='word_1_41' title='bbox 1107 757 1154 764; x_wconf 82' lang='lat'><em>-</em></span> <span class='ocrx_word' id='word_1_42' title='bbox 1178 733 1262 790; x_wconf 84' lang='lat' dir='ltr'><strong>jam</strong></span> <span class='ocrx_word' id='word_1_43' title='bbox 1288 747 1389 777; x_wconf 89' lang='lat' dir='ltr'><strong>vero</strong></span> 
     </span>
     <span class='ocr_line' id='line_1_8' title="bbox 285 815 1388 875; baseline -0.002 -13"><span class='ocrx_word' id='word_1_44' title='bbox 285 817 451 871; x_wconf 81' lang='lat' dir='ltr'><strong>videas,</strong></span> <span class='ocrx_word' id='word_1_45' title='bbox 476 816 589 874; x_wconf 84' lang='lat' dir='ltr'><strong>quali</strong></span> <span class='ocrx_word' id='word_1_46' title='bbox 617 816 768 860; x_wconf 82' lang='lat' dir='ltr'><strong>ardore</strong></span> <span class='ocrx_word' id='word_1_47' title='bbox 792 815 846 859; x_wconf 86' lang='lat' dir='ltr'><strong>ab</strong></span> <span class='ocrx_word' id='word_1_48' title='bbox 877 816 948 859; x_wconf 92' lang='lat' dir='ltr'><strong>illo</strong></span> <span class='ocrx_word' id='word_1_49' title='bbox 975 815 1072 859; x_wconf 86' lang='lat' dir='ltr'><strong>inde</strong></span> <span class='ocrx_word' id='word_1_50' title='bbox 1101 823 1287 875; x_wconf 86' lang='lat' dir='ltr'><strong>tempore</strong></span> <span class='ocrx_word' id='word_1_51' title='bbox 1311 831 1388 875; x_wconf 90' lang='lat' dir='ltr'><strong>per</strong></span> 
     </span>
     <span class='ocr_line' id='line_1_9' title="bbox 286 899 1387 958; baseline -0.002 -14"><span class='ocrx_word' id='word_1_52' title='bbox 286 915 452 945; x_wconf 90' lang='lat' dir='ltr'><strong>omnem</strong></span> <span class='ocrx_word' id='word_1_53' title='bbox 480 900 605 943; x_wconf 85' lang='lat' dir='ltr'><strong>vitam</strong></span> <span class='ocrx_word' id='word_1_54' title='bbox 630 899 761 942; x_wconf 88' lang='lat' dir='ltr'><strong>hocce</strong></span> <span class='ocrx_word' id='word_1_55' title='bbox 791 905 1065 958; x_wconf 78' lang='lat' dir='ltr'><strong>persequatur</strong></span> <span class='ocrx_word' id='word_1_56' title='bbox 1100 899 1387 957; x_wconf 83' lang='lat' dir='ltr'><strong>propositum!</strong></span> 
     </span>
     <span class='ocr_line' id='line_1_10' title="bbox 286 981 1389 1040; baseline -0.002 -13"><span class='ocrx_word' id='word_1_57' title='bbox 286 998 412 1040; x_wconf 89' lang='lat' dir='ltr'><strong>quam</strong></span> <span class='ocrx_word' id='word_1_58' title='bbox 440 989 606 1026; x_wconf 85' lang='lat' dir='ltr'><strong>strenue</strong></span> <span class='ocrx_word' id='word_1_59' title='bbox 636 981 845 1039; x_wconf 82' lang='lat' dir='ltr'><strong>religionis</strong></span> <span class='ocrx_word' id='word_1_60' title='bbox 872 990 911 1025; x_wconf 84' lang='lat' dir='ltr'><strong>et</strong></span> <span class='ocrx_word' id='word_1_61' title='bbox 940 982 1211 1025; x_wconf 82' lang='lat' dir='ltr'><strong>Reformatae</strong></span> <span class='ocrx_word' id='word_1_62' title='bbox 1237 982 1389 1025; x_wconf 86' lang='lat' dir='ltr'><strong>Eccle-</strong></span> 
     </span>
     <span class='ocr_line' id='line_1_11' title="bbox 286 1063 1391 1120; baseline -0.002 -10"><span class='ocrx_word' id='word_1_63' title='bbox 286 1066 370 1111; x_wconf 87' lang='lat' dir='ltr'><strong>siae</strong></span> <span class='ocrx_word' id='word_1_64' title='bbox 397 1065 628 1109; x_wconf 84' lang='lat' dir='ltr'><strong>libertatem</strong></span> <span class='ocrx_word' id='word_1_65' title='bbox 665 1071 855 1118; x_wconf 86' lang='lat' dir='ltr'><strong>tueatur,</strong></span> <span class='ocrx_word' id='word_1_66' title='bbox 889 1071 934 1107; x_wconf 91' lang='lat' dir='ltr'><strong>ut</strong></span> <span class='ocrx_word' id='word_1_67' title='bbox 973 1063 1032 1106; x_wconf 83' lang='lat' dir='ltr'><strong>sie</strong></span> <span class='ocrx_word' id='word_1_68' title='bbox 1072 1063 1238 1120; x_wconf 86' lang='lat' dir='ltr'><strong>quidem</strong></span> <span class='ocrx_word' id='word_1_69' title='bbox 1270 1065 1391 1108; x_wconf 85' lang='lat' dir='ltr'><strong>lucu-</strong></span> 
     </span>
     <span class='ocr_line' id='line_1_12' title="bbox 283 1140 1392 1208; baseline -0.002 -15"><span class='ocrx_word' id='word_1_70' title='bbox 283 1150 418 1193; x_wconf 87' lang='lat' dir='ltr'><strong>lenter</strong></span> <span class='ocrx_word' id='word_1_71' title='bbox 450 1155 590 1208; x_wconf 85' lang='lat' dir='ltr'><strong>pateat</strong></span> <span class='ocrx_word' id='word_1_72' title='bbox 623 1162 708 1191; x_wconf 90' lang='lat' dir='ltr'><strong>non</strong></span> <span class='ocrx_word' id='word_1_73' title='bbox 737 1163 759 1192; x_wconf 85' lang='lat' dir='ltr'><strong>e</strong></span> <span class='ocrx_word' id='word_1_74' title='bbox 789 1140 1031 1191; x_wconf 87' lang='lat' dir='ltr'><strong>dominandi</strong></span> <span class='ocrx_word' id='word_1_75' title='bbox 1068 1147 1205 1192; x_wconf 89' lang='lat' dir='ltr'><strong>studio</strong></span> <span class='ocrx_word' id='word_1_76' title='bbox 1239 1155 1392 1206; x_wconf 87' lang='lat' dir='ltr'><strong>peten-</strong></span> 
     </span>
     <span class='ocr_line' id='line_1_13' title="bbox 286 1231 1390 1292; baseline -0.001 -15"><span class='ocrx_word' id='word_1_77' title='bbox 286 1233 383 1278; x_wconf 87' lang='lat' dir='ltr'><strong>dam</strong></span> <span class='ocrx_word' id='word_1_78' title='bbox 425 1248 514 1277; x_wconf 90' lang='lat' dir='ltr'><strong>esse</strong></span> <span class='ocrx_word' id='word_1_79' title='bbox 553 1232 886 1292; x_wconf 88' lang='lat' dir='ltr'><strong>oppositionem,</strong></span> <span class='ocrx_word' id='word_1_80' title='bbox 938 1246 1062 1287; x_wconf 85' lang='lat' dir='ltr'><strong>quam</strong></span> <span class='ocrx_word' id='word_1_81' title='bbox 1109 1231 1390 1290; x_wconf 79' lang='lat' dir='ltr'><strong>Hispanorum</strong></span> 
     </span>
     <span class='ocr_line' id='line_1_14' title="bbox 285 1316 1390 1379; baseline -0.002 -16"><span class='ocrx_word' id='word_1_82' title='bbox 285 1317 495 1379; x_wconf 81' lang='lat' dir='ltr'><strong>tyrannidi</strong></span> <span class='ocrx_word' id='word_1_83' title='bbox 537 1317 734 1372; x_wconf 82' lang='lat' dir='ltr'><strong>instituit3</strong></span> <span class='ocrx_word' id='word_1_84' title='bbox 780 1316 853 1360; x_wconf 89' lang='lat' dir='ltr'><strong>sed</strong></span> <span class='ocrx_word' id='word_1_85' title='bbox 902 1329 1001 1359; x_wconf 89' lang='lat' dir='ltr'><strong>vero</strong></span> <span class='ocrx_word' id='word_1_86' title='bbox 1051 1330 1072 1358; x_wconf 92' lang='lat' dir='ltr'><strong>e</strong></span> <span class='ocrx_word' id='word_1_87' title='bbox 1116 1316 1390 1361; x_wconf 86' lang='lat' dir='ltr'><strong>nobilioribus</strong></span> 
     </span>
     <span class='ocr_line' id='line_1_15' title="bbox 287 1399 1391 1457; baseline -0.001 -11"><span class='ocrx_word' id='word_1_88' title='bbox 287 1402 414 1446; x_wconf 83' lang='lat' dir='ltr'><strong>animi</strong></span> <span class='ocrx_word' id='word_1_89' title='bbox 446 1401 662 1454; x_wconf 89' lang='lat' dir='ltr'><strong>sensibus,</strong></span> <span class='ocrx_word' id='word_1_90' title='bbox 690 1415 711 1443; x_wconf 92' lang='lat' dir='ltr'><strong>e</strong></span> <span class='ocrx_word' id='word_1_91' title='bbox 737 1399 946 1457; x_wconf 83' lang='lat' dir='ltr'><strong>religionis</strong></span> <span class='ocrx_word' id='word_1_92' title='bbox 975 1405 1013 1441; x_wconf 82' lang='lat' dir='ltr'><strong>et</strong></span> <span class='ocrx_word' id='word_1_93' title='bbox 1051 1399 1254 1444; x_wconf 77' lang='lat' dir='ltr'><strong>libertatis</strong></span> <span class='ocrx_word' id='word_1_94' title='bbox 1289 1402 1391 1445; x_wconf 91' lang='lat' dir='ltr'><strong>reli-</strong></span> 
     </span>
     <span class='ocr_line' id='line_1_16' title="bbox 288 1487 625 1545; baseline -0.003 -16"><span class='ocrx_word' id='word_1_95' title='bbox 288 1487 429 1545; x_wconf 84' lang='lat' dir='ltr'><strong>giosae</strong></span> <span class='ocrx_word' id='word_1_96' title='bbox 464 1487 625 1529; x_wconf 86' lang='lat' dir='ltr'><strong>amore!</strong></span> 
     </span>
    </p>

    <p class='ocr_par' dir='ltr' id='par_1_3' title="bbox 284 1566 1394 2296">
     <span class='ocr_line' id='line_1_17' title="bbox 341 1566 1394 1627; baseline -0.004 -13"><span class='ocrx_word' id='word_1_97' title='bbox 341 1571 426 1614; x_wconf 88' lang='lat' dir='ltr'><strong>Pro</strong></span> <span class='ocrx_word' id='word_1_98' title='bbox 451 1566 581 1613; x_wconf 84' lang='lat' dir='ltr'><strong>hacce</strong></span> <span class='ocrx_word' id='word_1_99' title='bbox 606 1576 753 1612; x_wconf 87' lang='lat' dir='ltr'><strong>cuncta</strong></span> <span class='ocrx_word' id='word_1_100' title='bbox 779 1569 868 1627; x_wconf 87' lang='lat' dir='ltr'><strong>pati</strong></span> <span class='ocrx_word' id='word_1_101' title='bbox 898 1569 1101 1623; x_wconf 85' lang='lat' dir='ltr'><strong>decrevit3</strong></span> <span class='ocrx_word' id='word_1_102' title='bbox 1133 1582 1309 1624; x_wconf 83' lang='lat' dir='ltr'><strong>suasque</strong></span> <span class='ocrx_word' id='word_1_103' title='bbox 1337 1567 1394 1610; x_wconf 88' lang='lat' dir='ltr'><strong>illi</strong></span> 
     </span>
     <span class='ocr_line' id='line_1_18' title="bbox 286 1652 1391 1711; baseline -0.002 -13"><span class='ocrx_word' id='word_1_104' title='bbox 286 1654 394 1698; x_wconf 77' lang='lat' dir='ltr'><strong>vires</strong></span> <span class='ocrx_word' id='word_1_105' title='bbox 418 1653 581 1697; x_wconf 84' lang='lat' dir='ltr'><strong>dicavit.</strong></span> <span class='ocrx_word' id='word_1_106' title='bbox 629 1653 755 1710; x_wconf 84' lang='lat' dir='ltr'><strong>Quod</strong></span> <span class='ocrx_word' id='word_1_107' title='bbox 782 1666 907 1705; x_wconf 89' lang='lat' dir='ltr'><strong>sane,</strong></span> <span class='ocrx_word' id='word_1_108' title='bbox 937 1667 988 1696; x_wconf 90' lang='lat' dir='ltr'><strong>ne</strong></span> <span class='ocrx_word' id='word_1_109' title='bbox 1007 1653 1138 1711; x_wconf 90' lang='lat' dir='ltr'><strong>ipsius</strong></span> <span class='ocrx_word' id='word_1_110' title='bbox 1152 1652 1391 1696; x_wconf 84' lang='lat' dir='ltr'><strong>laudatores</strong></span> 
     </span>
     <span class='ocr_line' id='line_1_19' title="bbox 285 1735 1393 1795; baseline -0.002 -14"><span class='ocrx_word' id='word_1_111' title='bbox 285 1737 525 1790; x_wconf 79' lang='lat' dir='ltr'><strong>audiamus,</strong></span> <span class='ocrx_word' id='word_1_112' title='bbox 565 1736 687 1780; x_wconf 89' lang='lat' dir='ltr'><strong>nobis</strong></span> <span class='ocrx_word' id='word_1_113' title='bbox 726 1735 916 1795; x_wconf 80' lang='lat' dir='ltr'><strong>patebit,</strong></span> <span class='ocrx_word' id='word_1_114' title='bbox 962 1736 996 1779; x_wconf 87' lang='lat' dir='ltr'><strong>si</strong></span> <span class='ocrx_word' id='word_1_115' title='bbox 1031 1735 1160 1794; x_wconf 82' lang='lat' dir='ltr'><strong>ipsius</strong></span> <span class='ocrx_word' id='word_1_116' title='bbox 1198 1735 1393 1780; x_wconf 82' lang='lat' dir='ltr'><strong>adeamus</strong></span> 
     </span>
     <span class='ocr_line' id='line_1_20' title="bbox 285 1818 1393 1878; baseline -0.003 -12"><span class='ocrx_word' id='word_1_117' title='bbox 285 1824 550 1878; x_wconf 71' lang='lat' dir='ltr'><strong>Epistolas,</strong></span> <span class='ocrx_word' id='word_1_118' title='bbox 588 1821 774 1877; x_wconf 82' lang='lat' dir='ltr'><strong>integros</strong></span> <span class='ocrx_word' id='word_1_119' title='bbox 815 1818 941 1862; x_wconf 89' lang='lat' dir='ltr'><strong>animi</strong></span> <span class='ocrx_word' id='word_1_120' title='bbox 973 1826 1120 1871; x_wconf 80' lang='lat' dir='ltr'><strong>testes,</strong></span> <span class='ocrx_word' id='word_1_121' title='bbox 1152 1833 1258 1875; x_wconf 87' lang='lat' dir='ltr'><strong>quae</strong></span> <span class='ocrx_word' id='word_1_122' title='bbox 1288 1818 1393 1863; x_wconf 90' lang='lat' dir='ltr'><strong>illius</strong></span> 
     </span>
     <span class='ocr_line' id='line_1_21' title="bbox 285 1901 1392 1962; baseline -0.002 -14"><span class='ocrx_word' id='word_1_123' title='bbox 285 1903 430 1962; x_wconf 81' lang='lat' dir='ltr'><strong>pietati</strong></span> <span class='ocrx_word' id='word_1_124' title='bbox 455 1910 767 1947; x_wconf 81' lang='lat' dir='ltr'><strong>monumentum</strong></span> <span class='ocrx_word' id='word_1_125' title='bbox 785 1908 948 1945; x_wconf 83' lang='lat' dir='ltr'><strong>struunt</strong></span> <span class='ocrx_word' id='word_1_126' title='bbox 966 1916 1059 1944; x_wconf 84' lang='lat' dir='ltr'><strong>aere</strong></span> <span class='ocrx_word' id='word_1_127' title='bbox 1081 1901 1314 1958; x_wconf 88' lang='lat' dir='ltr'><strong>perennius.</strong></span> <span class='ocrx_word' id='word_1_128' title='bbox 1339 1924 1392 1934; x_wconf 88' lang='lat'><strong>—·</strong></span> 
     </span>
     <span class='ocr_line' id='line_1_22' title="bbox 284 1984 1391 2043; baseline -0.003 -12"><span class='ocrx_word' id='word_1_129' title='bbox 284 1986 521 2040; x_wconf 80' lang='lat' dir='ltr'><strong>Attendite,</strong></span> <span class='ocrx_word' id='word_1_130' title='bbox 552 1986 605 2031; x_wconf 89' lang='lat' dir='ltr'><strong>A.</strong></span> <span class='ocrx_word' id='word_1_131' title='bbox 623 1987 674 2030; x_wconf 91' lang='lat' dir='ltr'><strong>A.</strong></span> <span class='ocrx_word' id='word_1_132' title='bbox 703 2000 807 2042; x_wconf 83' lang='lat' dir='ltr'><strong>quae</strong></span> <span class='ocrx_word' id='word_1_133' title='bbox 832 1989 894 2027; x_wconf 79' lang='lat' dir='ltr'><strong>ad</strong></span> <span class='ocrx_word' id='word_1_134' title='bbox 916 1987 1232 2027; x_wconf 65' lang='lat' dir='ltr'><strong>Ganclavenses</strong></span> <span class='ocrx_word' id='word_1_135' title='bbox 1252 1984 1391 2043; x_wconf 80' lang='lat' dir='ltr'><strong>scrip-</strong></span> 
     </span>
     <span class='ocr_line' id='line_1_23' title="bbox 285 2066 1391 2124; baseline -0.001 -10"><span class='ocrx_word' id='word_1_136' title='bbox 285 2070 337 2114; x_wconf 86' lang='lat' dir='ltr'><strong>sit</strong></span> <span class='ocrx_word' id='word_1_137' title='bbox 361 2079 437 2121; x_wconf 87' lang='lat'><strong>(8),</strong></span> <span class='ocrx_word' id='word_1_138' title='bbox 468 2076 508 2113; x_wconf 87' lang='lat' dir='ltr'><strong>et</strong></span> <span class='ocrx_word' id='word_1_139' title='bbox 531 2069 748 2112; x_wconf 86' lang='lat' dir='ltr'><strong>observate</strong></span> <span class='ocrx_word' id='word_1_140' title='bbox 784 2083 908 2124; x_wconf 82' lang='lat' dir='ltr'><strong>quam</strong></span> <span class='ocrx_word' id='word_1_141' title='bbox 944 2066 1091 2110; x_wconf 87' lang='lat' dir='ltr'><strong>intimo</strong></span> <span class='ocrx_word' id='word_1_142' title='bbox 1120 2068 1244 2110; x_wconf 89' lang='lat' dir='ltr'><strong>animi</strong></span> <span class='ocrx_word' id='word_1_143' title='bbox 1269 2083 1391 2113; x_wconf 88' lang='lat' dir='ltr'><strong>sensu</strong></span> 
     </span>
     <span class='ocr_line' id='line_1_24' title="bbox 284 2151 1391 2212; baseline -0.003 -14"><span class='ocrx_word' id='word_1_144' title='bbox 284 2153 493 2212; x_wconf 83' lang='lat' dir='ltr'><strong>religionis</strong></span> <span class='ocrx_word' id='word_1_145' title='bbox 520 2152 639 2197; x_wconf 89' lang='lat' dir='ltr'><strong>simul</strong></span> <span class='ocrx_word' id='word_1_146' title='bbox 667 2159 707 2196; x_wconf 88' lang='lat' dir='ltr'><strong>et</strong></span> <span class='ocrx_word' id='word_1_147' title='bbox 727 2151 891 2195; x_wconf 80' lang='lat' dir='ltr'><strong>Patriae</strong></span> <span class='ocrx_word' id='word_1_148' title='bbox 917 2158 1015 2208; x_wconf 82' lang='lat' dir='ltr'><strong>agat</strong></span> <span class='ocrx_word' id='word_1_149' title='bbox 1037 2164 1226 2205; x_wconf 81' lang='lat' dir='ltr'><strong>causam3</strong></span> <span class='ocrx_word' id='word_1_150' title='bbox 1252 2167 1391 2208; x_wconf 88' lang='lat' dir='ltr'><strong>quan-</strong></span> 
     </span>
     <span class='ocr_line' id='line_1_25' title="bbox 284 2233 1388 2296; baseline -0.003 -14"><span class='ocrx_word' id='word_1_151' title='bbox 284 2244 430 2296; x_wconf 74' lang='lat' dir='ltr'><strong>topere</strong></span> <span class='ocrx_word' id='word_1_152' title='bbox 464 2235 690 2281; x_wconf 88' lang='lat' dir='ltr'><strong>Turenium</strong></span> <span class='ocrx_word' id='word_1_153' title='bbox 739 2233 1083 2280; x_wconf 80' lang='lat' dir='ltr'><strong>Gandavensibus</strong></span> <span class='ocrx_word' id='word_1_154' title='bbox 1127 2236 1388 2279; x_wconf 83' lang='lat' dir='ltr'><strong>commendet</strong></span> 
     </span>
    </p>
   </div>
  </div>
 </body>
</html>
