1487 2703
210 271 279 307 ¹14
439 252 1106 295 COMMENTATIO

209 369 356 408 siderat.
436 353 624 404 Praeterea
683 366 884 403 multorum
940 366 1324 412 parachronismorum

212 449 342 481 reum,
369 444 407 473 et
438 437 476 472 in
501 435 709 472 narratione
747 447 865 472 rerum
894 447 960 472 sua
994 445 1110 473 aetate
1140 445 1326 484 gestarum

215 509 272 544 vel
296 506 429 544 affectu
457 507 515 543 vel
544 516 667 542 errore
693 505 912 553 abreptum,
941 517 1023 542 eum
1051 505 1190 553 arguit.

264 577 471 616 Catelcrius
497 578 539 613 in
576 575 762 624 Chrysost.
805 575 860 613 ad
891 576 1111 624 Danielem,
1154 590 1194 625 p.
1237 587 1329 626 225.

210 647 419 696 Josephum
450 646 617 684 nominat
647 645 848 684 confusum
881 654 919 683 et
944 657 1072 694 patum
1103 656 1331 686 accuratum.

267 717 320 755 H.
350 716 578 763 PrMeaux,
605 718 647 753 in
681 717 771 754 hist.
814 715 946 764 Jud.‚
987 725 1081 756 tom.
1109 716 1161 754 ΙΙ.
1203 717 1264 754 hic
1297 725 1336 754 et

216 789 291 826 iilic
319 789 365 826 de
384 786 544 835 josephi
574 786 793 824 auctoritate
818 786 989 834 dubitat3
1034 788 1108 833 sic,
1146 799 1184 825 v·
1215 799 1254 836 g.
1282 786 1338 826 fa-

218 859 319 898 bulis
350 860 562 896 adnumerat
590 857 695 905 quod
723 857 914 906 Josephus
947 858 1058 895 tradit
1078 857 1125 895 de
1156 865 1214 895 ter
1237 857 1339 895 mille

219 928 390 975 talentis,
419 940 513 975 quae
532 928 624 977 Joh.
654 927 881 975 Hyrcaniis,
909 936 953 966 ut
983 935 1019 964 et
1047 927 1093 964 de
1110 927 1182 965 alia
1207 938 1339 975 magna

221 988 260 1037 vi
294 998 470 1047 pecuniae
486 1026 500 1045 ‚
554 1009 664 1045 quam
708 1005 842 1045 postea·
879 997 1044 1035 Herodes
1081 1007 1129 1035 ex
1165 997 1341 1045 sepulcro

224 1069 378 1108 Davidis
412 1076 541 1117 aperto
573 1067 730 1116 ceperit.
758 1068 851 1105 Ant.
877 1067 980 1104 XIII.
1008 1069 1072 1106 16.
1100 1066 1208 1106 XVI.
1240 1079 1304 1106 11.

275 1139 444 1177 Camacas
477 1140 518 1175 in
554 1137 698 1187 republ.
737 1135 854 1173 Hebr.
871 1165 885 1183 .,
925 1136 955 1174 l.
985 1136 1050 1174 ΠΙ.
1078 1148 1121 1184 p.
1152 1147 1240 1185 373.
1278 1147 1342 1183 sq.

223 1212 312 1249 haec
344 1209 478 1247 habet:
511 1237 535 1256 „
555 1207 746 1257 Josephus
774 1215 907 1244 auctor
938 1206 1042 1244 omni
1069 1205 1178 1244 laude
1207 1206 1346 1254 dignus

227 1291 265 1319 et
294 1281 354 1318 cui
392 1288 483 1327 post
513 1289 703 1316 sacrorum
734 1277 969 1315 voluminum
1003 1276 1206 1325 scriptores
1228 1277 1347 1325 prima

229 1363 311 1389 esse
342 1350 452 1388 debet
480 1349 599 1395 fides,
638 1347 711 1385 etsi
744 1347 922 1395 gravitate
953 1358 1068 1395 super
1101 1350 1261 1385 cunctos
1278 1347 1349 1397 Ju-

231 1421 342 1458 daeos
374 1418 556 1466 emineat,
585 1427 706 1456 tamen
737 1417 837 1454 haud
873 1416 1015 1464 ubique
1042 1428 1065 1454 a
1095 1416 1348 1455 deliramentis

232 1492 407 1529 abhorret
442 1488 676 1537 popularium
706 1487 920 1526 suorum.”
970 1487 1064 1536 Ejus
1084 1486 1138 1524 rei
1158 1487 1350 1535 specimen

234 1560 383 1598 adducit
420 1559 596 1597 Cunaeus
634 1569 681 1594 ex
712 1556 869 1595 historia
892 1556 1035 1604 Caini,
1062 1567 1084 1594 a
1103 1556 1217 1594 nobis
1240 1556 1350 1595 etiam

237 1632 378 1668 laudata
403 1641 486 1677 cap.
515 1628 565 1666 ΙΙ.
593 1626 628 1676 §.
656 1639 694 1676 3.

290 1701 366 1739 Leo
392 1701 561 1737 Allatius
580 1700 623 1736 in
651 1707 730 1736 not.
763 1696 819 1735 ad
839 1695 1023 1735 Eustath.
1040 1725 1056 1744 ‚
1089 1709 1131 1745 p.
1163 1709 1223 1736 11.
1246 1696 1355 1747 Jose·

240 1774 356 1822 phum
402 1771 591 1809 nominat:
643 1799 668 1817 ,‚
699 1769 887 1807 hominem
918 1766 1151 1810 densissimis
1187 1779 1356 1807 errorum

243 1844 405 1882 tenebris
441 1840 722 1880 obvolutum.’'

244 1913 246 1916 ’
294 1913 486 1950 Boeclerus
518 1913 560 1947 in
600 1909 814 1948 Exercicae.
853 1911 895 1946 in
933 1909 996 1947 ΕΙ.
1033 1908 1236 1960 Josephum
1251 1938 1265 1958 ,
1292 1910 1358 1950 de-

245 1981 445 2019 montravit
472 1975 680 2029 josephum
718 1980 756 2016 in
793 1978 948 2016 historia
979 1979 1176 2017 creationis
1207 1988 1245 2017 et
1278 1982 1358 2029 lap-

247 2063 310 2088 sus
338 2051 484 2099 saepius
511 2049 694 2096 haesisse,
721 2057 757 2086 et
783 2048 920 2086 Moisis
946 2048 1064 2087 verba
1092 2049 1142 2086 ob
1170 2050 1354 2101 κέλυμμαε

246 2125 429 2162 Ἰουδκικὲν
479 2120 598 2158 oculis
640 2119 884 2165 incumbens,
938 2118 1060 2156 minus
1094 2117 1279 2158 intellecta
1313 2125 1358 2159 'ac

248 2193 405 2229 seriores
442 2189 764 2237 interpretationes
793 2188 1002 2227 deflexisse.

300 2261 515 2299 Richardus
543 2262 752 2305 Simonias,
780 2268 874 2298 tom.
903 2257 969 2296 ΙΙΙ.
997 2258 1124 2310 Epist.
1151 2260 1217 2298 sel.
1244 2271 1302 2311 cp.
1315 2263 1357 2300 8.

251 2341 354 2370 notat
383 2331 590 2379 Josephum*
617 2341 695 2367 non
726 2329 914 2367 dubitasse
939 2328 1162 2378 Judaeorum
1202 2330 1361 2369 subinde

1263 2401 1362 2448 Aga-
