1487 2703
238 185 286 213 ιο
456 169 1121 211 ΟΟΜΜΕΝΤΑΤΙΟ

241 281 463 320 contrarium
512 291 683 329 expresse
728 280 945 318 declaratum
991 280 1063 327 sit,
1117 278 1345 316 contraxisse

242 361 432 389 censemur
467 350 560 399 (ι),
615 349 788 397 quoniam
821 349 924 386 heres
961 349 1118 388 sustinet
1150 357 1345 395 personam

245 418 422 459 defuncti.

741 565 774 612 ξ.
814 580 850 617 3.

512 700 570 737 De
595 700 794 738 Facultatc
819 699 1082 738 Contrahendi.

299 843 440 892 Regula
463 842 638 891 generalis
662 843 750 880 haec
775 851 853 881 est:
884 854 1013 882 omnes
1028 852 1190 893 possunt
1205 853 1352 883 contra·

245 911 329 948 here
345 939 359 958 ,
387 911 460 949 nisi
489 911 554 960 qui
585 914 664 959 lege
685 912 930 959 prohibentur
957 913 1054 963 (2),
1081 915 1206 962 quales
1233 924 1344 953 sunt:

348 993 385 1020 1.
415 981 613 1028 Minores,
1287 991 1290 994 ·

345 1064 384 1089 2.
411 1049 598 1089 Inter-dicti
614 1077 628 1096 .,

346 1132 382 1168 3.
410 1108 590 1158 Mulieres
625 1128 761 1168 nuptae
778 1147 792 1167 ,

344 1204 383 1237 4.
412 1190 553 1229 Omnes
568 1218 581 1237 ‚
610 1202 707 1237 quos
720 1191 778 1227 lex
799 1199 922 1229 certos
934 1199 1149 1230 contractus
1172 1191 1265 1230 inire
1281 1195 1350 1230 've-

418 1269 469 1298 tat
496 1261 579 1309 (3).
1284 1263 1286 1266 '

299 1343 333 1368 1.
363 1331 518 1368 Sublato
541 1329 751 1369 discrimine
767 1331 868 1380 Juris
894 1331 1054 1369 Romani
1073 1331 1168 1370 inter
1187 1332 1354 1381 impube

245 1412 305 1438 res
321 1409 356 1437 et
378 1400 525 1438 adultos
541 1400 622 1438 sive
639 1400 800 1440 minores
814 1429 827 1448 ‚
847 1404 1001 1438 vetitum
1022 1402 1241 1450 generaliter
1253 1414 1354 1441 com·

242 1471 401 1520 plecitur
434 1482 590 1517 omnes,
620 1470 685 1518 qui
706 1466 847 1508 *annum
870 1472 960 1510 XXI
985 1473 1150 1510 nondum
1180 1473 1356 1521 impleve-

241 1550 327 1577 runt
344 1538 440 1589 (4),
470 1547 707 1586 remanetque
733 1542 989 1578 tantummodo
1017 1540 1221 1580 differentia
1244 1555 1356 1590 quae·

241 1611 319 1647 dam
347 1609 442 1646 inter
467 1610 710 1659 emancipatos
735 1618 771 1646 et
793 1623 862 1647 non
891 1614 1162 1660 emancipatos,
1192 1623 1351 1659 quorum

241 1680 291 1717 iili
312 1680 405 1717 nihil
427 1691 492 1727 per
527 1690 566 1716 se
597 1689 703 1726 agere
731 1689 892 1726 possunt
917 1680 983 1717 sed
1007 1692 1151 1728 semper
1185 1681 1352 1732 indigent

241 1750 458 1788 auctoritate
472 1749 606 1787 tutoris
625 1777 636 1795 ‚
665 1749 726 1786 cui
752 1749 950 1796 aliquando
977 1752 1123 1789 accedat
1145 1763 1352 1793 consensus

240 1820 390 1857 concilii
427 1817 583 1857 familiae
609 1830 759 1857 necesse
791 1828 846 1858 est
874 1821 972 1868 (5);
1000 1821 1037 1858 hi
1066 1833 1154 1860 vero
1181 1824 1248 1862 alia
1274 1837 1355 1873 per-

1314 1906 1353 1932 se

280 1966 329 2006 (ι)
351 1968 401 1996 Cf.
424 1977 450 1996 a.
474 1970 510 1996 C.
530 1968 568 1994 C.
594 1975 677 1996 1122.

274 2023 326 2059 (ε)
345 2025 393 2052 Cf.
414 2033 468 2053 arr.
488 2026 524 2053 C.
547 2024 582 2052 C.
608 2032 693 2058 1123.

277 2081 328 2119 (3)
350 2082 399 2112 Cf.
420 2089 475 2109 art.
499 2082 533 2108 C.
554 2081 589 2109 C.
616 2088 700 2114 1124-

270 2139 322 2175 (4)
344 2140 398 2167 eff.
421 2146 485 2166 attt.
509 2140 544 2168 C.
562 2139 599 2166 C.
622 2142 677 2172 388
699 2145 728 2165 ct
751 2141 821 2173 4528.

278 2197 331 2232 (5)
352 2196 400 2226 cf.
422 2203 498 2225 sect.
520 2196 555 2225 C.
576 2196 630 2228 (3.,
662 2195 711 2223 cui
744 2194 931 2222 inscribitur:
951 2198 984 2223 de
1010 2195 1292 2223 l‘ndmn'm'seran‘ou
1311 2196 1349 2223 dn

242 2255 379 2287 Tuus-rr,
406 2254 476 2284 (art.
501 2251 684 2288 μιν-469).
