1487 2703
150 121 169 154 8
365 86 1034 162 COMMIsNTATIO

200 228 410 266 Essentiale
438 231 656 279 requisitum
684 231 819 268 dicitur
852 230 917 277 id,
955 232 1037 270 sine
1071 243 1146 280 quo
1173 243 1262 270 con-

151 307 289 334 tractus
323 299 529 337 consistere
553 300 710 348 nequit,
741 312 818 348 quo
854 301 967 348 igitur
991 301 1182 341 deficiente
1205 311 1264 339 to-

149 375 184 403 ta
223 369 427 406 conventio
467 371 568 406 nulla
595 378 652 406 est
683 371 766 418 (1).

203 436 479 485 Unusquisque
511 448 724 477 contractus
760 451 862 477 suam
889 439 998 478 habet
1036 441 1260 487 essentiam,

153 519 225 554 qua
256 508 525 556 cognoscitur,
554 521 647 556 quae
673 508 785 557 facit,
820 519 861 548 ut
883 510 995 547 emtio
1033 512 1090 547 vel
1127 511 1265 549 locatio

152 578 212 615 vel
243 578 337 617 alius
369 578 596 628 quicumque
617 588 831 618 contractus
858 580 921 618 sit.
974 580 1160 628 Exemplo
1186 592 1263 621 rem

153 649 313 686 illustrat
340 649 566 698 Pothier‚
593 651 619 688 1.
650 652 677 689 l.
704 672 757 680 —-
784 651 900 689 Aliud
930 652 1139 700 exemplum
1165 662 1269 689 com-

154 719 318 765 perimus
356 719 394 756 in
432 721 695 768 commodato,
742 722 849 771 cujtls
886 721 1045 760 essentia
1078 722 1142 760 vel
1179 729 1268 759 nota

155 788 227 825 ista
253 789 546 828 characteristica
577 800 661 837 est,
691 802 733 830 ut
767 804 824 830 res
851 792 1083 830 commodata
1114 804 1135 829 a
1167 803 1270 829 coin-

157 859 360 896 modatario
398 869 486 908 post
529 860 683 908 aliquod
719 871 866 910 tempus
909 862 1063 900 domino
1101 862 1272 900 restitua-

157 937 218 965 tur
244 928 328 977 (2).
357 950 408 958 —
435 930 548 978 Quod
573 931 603 968 si
627 931 742 978 igitur
769 943 827 969 res
852 931 960 969 alicui
990 933 1270 977 commodetur,

156 997 309 1035 remissa
345 999 518 1036 reddendi
553 1001 798 1047 necessitate,
840 1000 977 1038 desinit
1000 1011 1082 1038 esse
1108 1011 1274 1038 commo.

157 1068 309 1112 datum,
362 1077 398 1105 et
429 1077 494 1106 aut
525 1069 634 1116 plane
665 1071 791 1107 nullus
831 1079 887 1108 est
918 1079 1162 1116 contractus,
1210 1079 1274 1108 aut

157 1137 308 1174 donatio
346 1137 414 1182 fit,
469 1140 580 1176 modo
615 1139 863 1177 observentur
893 1138 1060 1187 formae,
1104 1151 1197 1189 quae
1232 1139 1271 1177 in

161 1218 200 1243 ca
227 1207 467 1254 requiruntur
495 1209 581 1256 (3).

211 1278 307 1314 Sunt
340 1287 460 1315 autem
490 1279 662 1325 quaedam
704 1278 883 1326 requisita
913 1277 1118 1316 essentialia
1154 1277 1273 1317 omni·

159 1348 231 1384 bus
264 1348 518 1385 contractibus
550 1349 775 1386 eommunia.

206 1417 297 1465 Jure
335 1418 506 1455 Romano
540 1417 577 1455 in
620 1429 662 1455 ea
695 1426 934 1455 numerantur
978 1430 1166 1455 consensus
1202 1417 1274 1468 (4)

159 1488 357 1534 utriusque
390 1487 669 1534 contrahentis,
705 1498 911 1535 eorumque
937 1487 1181 1545 contrahendi
1208 1488 1278 1536 fa-

158 1559 280 1596 cultas
310 1560 329 1602 c
333 1557 378 1605 5)
391 1573 407 1607 ,·
433 1567 539 1596 certa
561 1570 620 1596 res
645 1559 705 1595 vel
717 1558 870 1606 factum
887 1585 899 1603 ‚
914 1557 1009 1595 circa
1027 1558 1128 1605 quod
1155 1569 1277 1595 versa-

161 1640 221 1666 tur
252 1629 431 1678 obligatio
460 1631 558 1678 (6);
583 1629 695 1678 justa
726 1627 887 1675 denique
919 1640 1052 1665 caussa
1088 1627 1278 1677 obligatio-

1193 1700 1274 1750 nis,

201 1804 253 1838 (1)
275 1805 325 1834 Cf.
345 1807 391 1834 Po
403 1806 530 1841 thier‚
554 1804 664 1833 Trans
680 1805 729 1834 das
745 1805 952 1841 obligati0n1‚
975 1805 1066 1834 Tom.
1089 1806 1114 1834 1.
1135 1806 1187 1834 n0.
1211 1807 1241 1835 6.

202 1863 255 1897 (α)
276 1863 314 1891 V.
337 1865 375 1890 A.
403 1867 487 1896 1875.
1075 1894 1077 1896 ,
1131 1907 1137 1914 '

197 1920 255 1954 (3)
277 1921 355 1948 Add.
378 1921 408 1948 Μ
421 1920 575 1948 erlinus
588 1940 596 1954 ,
618 1921 804 1956 Repertoire
824 1919 859 1948 de
868 1920 1133 1958 Jurtsprudence,
1153 1919 1183 1947 in
1201 1927 1278 1948 voce

168 1979 375 2011 Convenn'on,
396 1980 425 2009 ς.
450 1985 476 2006 2.
498 1977 550 2011 qui
567 1977 648 2005 aliud
667 1977 755 2005 tradit
773 1978 960 2012 exemplum.

205 2035 256 2071 (4)
276 2037 312 2064 V.
337 2036 371 2063 L.
394 2036 415 2065 1.
437 2031 465 2072 §.
488 2045 516 2069 3·
536 2035 566 2063 ff.
589 2035 626 2062 de
643 2033 751 2069 pactis.

202 2092 257 2128 (5)
277 2094 314 2120 V.
338 2101 370 2119 v.
395 2100 443 2127 g.‚
467 2093 503 2120 de
523 2091 649 2127 pupillis
666 2093 700 2122 L.
721 2096 749 2122 8.
773 2092 806 2120 ff.
830 2093 867 2120 de
885 2099 951 2127 aeq.
974 2092 1096 2119 haered.

204 2148 254 2183 (6)
276 2168 299 2183 ‚,
323 2149 391 2176 Non
407 2150 506 2177 solum
524 2157 571 2177 res
590 2148 796 2183 instipulatum
818 2148 928 2176 deduci
946 2153 1092 2183 possunt,
1114 2146 1166 2174 sed
1191 2144 1280 2173 ctiam

168 2227 188 2237 ,.
213 2205 340 2238 sacta;’'
362 2207 388 2242 ᾗ.
414 2207 466 2234 ult.
492 2208 576 2234 insit.
600 2207 636 2234 de
653 2206 737 2234 verb.
755 2206 827 2234 obll.
849 2206 926 2245 Add.
949 2205 981 2234 L.
1004 2203 1039 2234 11.
1059 2211 1107 2239 pr,
1119 2203 1148 2232 ff.
1159 2203 1280 2234 eodem.
