1487 2703
196 167 242 201 14
436 152 1103 192 COMMENTATIO

194 273 262 309 to,
304 271 460 308 uterque
491 273 607 308 aeque
647 270 702 299 est
738 273 847 300 causa
883 263 1063 301 nullitatis
1091 263 1190 314 (¹);
1245 274 1308 314 et,

196 342 309 379 quum
329 360 341 379 ,
367 332 569 370 secundum
605 332 768 380 priorem
806 332 898 381 legis
933 334 1205 383 redactionem,
1231 346 1309 374 non

193 401 315 439 omnis
354 400 411 439 vis
449 403 540 439 hanc
579 413 725 441 causam
760 412 928 451 pareret,
975 405 1078 451 quod
1110 407 1307 445 admodum

191 472 367 510 vitiosum
400 473 593 510 videbatur
621 472 717 520 (2),
740 473 813 521 J'am
841 473 962 511 omnis
989 474 1046 512 vis
1076 483 1308 515 contractum

188 543 332 581 nullum
362 542 508 589 reddit,
535 543 602 580 sed
638 542 839 591 definitur,
864 543 956 590 quid
982 545 1042 583 lex
1065 546 1141 584 vim
1176 546 1309 584 intelli·

190 620 250 660 gat
278 609 376 661 (3),
404 611 546 650 seilicet
570 623 646 650 eam
666 620 838 659 tantum;
868 640 900 660 „
927 612 992 660 qui
1024 622 1080 651 est
1102 614 1149 652 de
1174 621 1310 652 nature

192 710 224 730 ,‚
252 683 273 720 ὲ
305 681 395 720 faire
428 682 651 731 impression
689 694 756 721 sur
790 693 864 720 une
899 694 1086 732 personne
1117 684 1312 723 raisonna-

191 780 221 799 ‚‚
251 752 374 800 ble,”
419 752 560 791 ratione
605 762 727 790 tamen
759 753 883 792 habita
922 754 1081 802 aetatis,
1121 765 1234 794 sexus
1267 765 1310 793 ac

187 822 416 862 conditionis
457 834 727 871 personarum,
782 823 870 872 quia
909 824 1080 872 iniquum
1111 825 1310 865 videbatur

191 893 378 940 requirere
401 894 551 931 eandem
586 892 848 931 fortitudinem
874 894 913 931 in
937 894 1030 933 viris
1049 906 1091 932 ac
1113 894 1152 932 in
1179 895 1311 933 mulie·

189 963 293 1002 ribus
308 992 322 1011 ,
339 965 488 1002 eandem
506 965 543 1001 in
562 963 765 1012 juvenibus
787 976 828 1001 ac
845 964 882 1001 in
898 964 1078 1012 senibus,
1107 971 1144 1002 et
1155 963 1210 1002 sic
1221 974 1311 1013 por·

189 1044 231 1069 ro
258 1032 349 1083 (4).
376 1055 433 1064 —-
462 1034 649 1072 Praeterea
672 1033 728 1071 vis
756 1041 897 1071 tantum
931 1033 1176 1083 intelligitur,
1216 1044 1311 1082 quae

187 1102 302 1142 infert
345 1113 484 1142 metum
523 1104 678 1152 periculi
724 1105 848 1152 magni
889 1104 959 1153 (5)
997 1114 1035 1144 et
1075 1105 1307 1154 praesentis:

187 1202 218 1222 ,‚
250 1183 388 1212 metum
433 1176 530 1212 enim
573 1183 802 1222 praesentem
849 1175 1055 1225 intelligere
1103 1175 1310 1223 debemus,

188 1271 220 1290 ,‚
247 1254 324 1282 non
367 1245 619 1292 suspicionem
655 1244 839 1283 inferendi
876 1246 956 1294 eius
978 1245 1004 1262 ”
1032 1245 1118 1295 (6).
1146 1267 1204 1276 —
1224 1245 1314 1296 Jus-

187 1323 261 1352 tam
297 1326 387 1352 vero
417 1323 538 1353 metus
572 1326 719 1354 causam
743 1327 819 1353 non
856 1316 1032 1364 praebet,
1059 1317 1094 1354 si
1119 1316 1205 1363 quis
1230 1315 1310 1353 sola

188 1384 390 1423 reverentia
422 1394 615 1433 parentum
644 1386 807 1433 ductus,
847 1386 960 1424 modo
987 1385 1084 1424 absit
1118 1384 1203 1433 vis,
1244 1385 1310 1424 ali·

189 1454 278 1501 quid
307 1454 437 1493 fecerit
463 1456 548 1505 (7).

238 1523 329 1562 Non
365 1535 487 1564 tamen
524 1526 748 1575 requiritur,
801 1535 844 1564 ut
876 1527 933 1565 vis
967 1526 1131 1566 adhibita
1173 1527 1222 1565 sit
1258 1527 1305 1564 ab

1222 1598 1312 1635 alte·

229 1686 282 1723 (1)
304 1687 339 1714 V.
360 1688 399 1715 A.
419 1687 458 1715 C.
479 1688 517 1717 C.
540 1695 626 1717 1111.

227 1744 281 1779 (2)
302 1744 351 1772 Cf.
371 1745 494 1773 Malle
507 1753 558 1781 v.,
579 1753 634 1774 art.
654 1747 746 1774 modo
767 1746 849 1774 laud.

229 1797 281 1835 (3)
300 1801 340 1828 V.
362 1803 401 1830 A.
425 1802 465 1829 G·
485 1803 521 1831 C.
543 1810 636 1831 1112.

228 1856 282 1893 (4)
298 1860 349 1895 jus
370 1859 540 1887 Romanum
557 1867 670 1889 tantum
694 1861 875 1895 agnoscebat
889 1868 1024 1895 metum,
1045 1861 1099 1896 qui
1119 1859 1151 1889 in
1168 1867 1307 1889 constan-

190 1913 336 1942 tissimum
359 1915 514 1944 hominem
538 1918 641 1953 cadat,
663 1918 702 1947 L.
716 1919 745 1946 6.
766 1918 798 1947 ff.
816 1919 899 1954 quod
922 1925 1018 1947 metus
1038 1926 1135 1947 causa.

224 1971 275 2008 (5)
298 1972 346 2000 Cf.
368 1991 390 2007 ‚‚
412 1975 528 2002 Merum
553 1982 615 2002 non
642 1974 810 2009 quemlibet
836 1975 977 2004 timorem
1005 1974 1236 2010 accipiendum.
1252 1975 1306 2004 sed

193 2047 214 2062 ,‚
237 2028 359 2061 majoris
386 2030 572 2066 malitatis‚'‘
593 2031 672 2068 (vid.
689 2034 740 2061 lex
759 2042 786 2066 5.
802 2033 833 2062 ff.
852 2034 936 2068 quod
951 2040 1049 2061 metus
1066 2033 1183 2070 causa).

229 2087 281 2124 (6)
305 2086 355 2114 Cf.
379 2087 416 2115 L.
437 2094 466 2121 9.
485 2096 531 2122 pr.
552 2089 674 2118 eodem.

230 2145 283 2176 (7)
306 2144 340 2171 V.
364 2145 400 2172 Λ,
421 2145 457 2173 C.
475 2145 512 2173 C.
536 2153 624 2180 ¹114·
659 2147 702 2174 De
728 2155 809 2175 metu
835 2147 1029 2176 reverentiali
1056 2148 1097 2176 cf.
1115 2153 1155 2176 ct.
1183 2147 1306 2175 'ronc-

193 2199 499 2236 kens‚1.1.p³g.
520 2212 568 2238 39.
593 2210 674 2239 seq„
699 2204 811 2240 quique
836 2205 877 2232 ibi
896 2204 1025 2240 citatur,
1051 2202 1305 2237 Toullierii,

194 2257 289 2284 locus.
