1487 2703
204 204 250 242 32
416 167 1087 231 οοΜΜΕΝΤΛΤιο

197 313 237 340 se
269 301 414 348 aliquos
447 300 634 338 mitterent
660 300 727 348 qui
752 300 944 349 pecuniam
968 300 1190 351 acciperent.
1230 303 1312 343 Au-

193 371 391 411 dacissimo
430 381 474 409 ex
505 371 551 409 iis
580 369 646 419 qui
684 370 889 409 Intromissi
911 380 1041 421 erant,
1068 377 1158 411 tunc'
1178 383 1308 413 manus

191 441 480 495 ‘abscidebatuffi
516 441 694 489 colloque
728 443 807 491 ejus
840 441 1144 491 appendebatur,
1181 452 1219 483 et
1254 444 1307 483 ita

193 510 450 549 remittebatur
475 511 520 549 ad
552 510 705 559 socios,
757 510 850 559 qui,
888 522 974 549 cum
1010 523 1095 551 eum
1122 513 1306 553 vidissent

189 580 253 619 tali
297 580 411 618 modo
459 580 699 629 mutilatum,
750 589 853 619 metu
900 583 1103 631 percussi,
1153 582 1308 633 aufuge-

190 659 279 689 runt
302 651 388 701 (1).

239 721 322 760 Alia
335 721 470 760 seditio
492 721 603 769 paulo
625 729 714 769 post
730 721 924 761 Taricheis
938 723 1061 763 locum
1076 722 1207 762 habuit
1219 722 1304 774 (ε).

189 790 448 840 Confugerant
479 791 574 829 enim
606 792 651 829 ad
673 792 881 841 Josephum
911 793 988 833 duo
1016 793 1090 834 viri
1115 794 1303 844 principes

190 872 210 897 e
237 860 399 898 subditis
428 860 527 910 regis
553 861 768 910 Agrippae,
808 873 958 910 equos,
993 875 1093 902 arma
1129 872 1167 902 et
1190 876 1305 913 pecu-

189 930 285 968 niam
316 929 512 968 afferentes
547 934 693 969 secum*
742 933 939 980 Populus,
968 933 1055 980 quia
1085 945 1163 972 non
1200 943 1304 973 erant

182 1000 341 1049 Judaei‚
381 1011 445 1038 eos
473 1002 544 1050 jam
573 1001 742 1039 voluerat
779 1001 1024 1051 circumcidi,
1059 1003 1094 1042 si
1132 1003 1172 1042 in
1207 1003 1302 1044 urbe

187 1071 326 1108 vellent
349 1080 509 1107 manere.
560 1068 753 1118 Josephus
780 1081 871 1108 vero
899 1071 938 1109 id
962 1071 1205 1120 prohibuerat
1228 1072 1304 1123 sig-

186 1139 370 1178 nificando
399 1150 705 1188 unumquemque
741 1148 915 1189 oportere
950 1151 997 1180 ex
1022 1141 1157 1181 intima
1186 1142 1302 1181 animi

186 1211 423 1249 convictione
455 1211 579 1248 Deum
613 1211 766 1257 colere,
817 1222 941 1259 neque
973 1211 1059 1260 cogi
1094 1223 1210 1260 posse
1236 1212 1305 1252 ali-

186 1291 298 1328 quem
326 1281 372 1318 ad
407 1280 466 1318 id:
504 1280 578 1329 jam
622 1289 744 1318 autem
792 1282 993 1320 extiterunt
1025 1281 1092 1330 qui
1117 1285 1301 1333 populum

186 1350 412 1397 incitarent,
451 1349 696 1398 affirmando,
733 1351 930 1400 principes>
964 1352 1051 1390 illos
1077 1352 1180 1392 viros
1218 1365 1302 1393 esse

187 1420 374 1458 veneficos
408 1419 648 1468 regionisque
677 1420 903 1469 proditores.
949 1421 1140 1470 Josephus
1165 1423 1300 1463 iterum

188 1499 345 1529 conatus
378 1498 435 1528 est
464 1491 649 1539 populum
685 1491 852 1540 placare,
891 1492 957 1530 sed
990 1491 1155 1543 frustra3
1195 1505 1297 1534 nam·-

191 1572 263 1608 que
299 1560 426 1598 armati
459 1560 629 1598 nonnulli
665 1561 817 1599 domum
849 1562 1126 1611 peregrinorum
1162 1564 1307 1616 irrupe-

191 1639 300 1678 runt,
329 1630 377 1668 ita
411 1639 454 1668 ut
489 1630 571 1668 sine
595 1630 712 1668 dubio
743 1631 931 1671 interfecti
963 1642 1115 1682 essent,
1141 1634 1216 1675 nisi
1234 1636 1300 1687 Jo-

189 1703 329 1749 sephus
361 1712 426 1739 eos
458 1702 552 1739 clam
583 1701 784 1740 dimisisset
812 1710 850 1740 et
873 1702 913 1741 in
937 1703 1110 1744 naviculo
1140 1707 1300 1754 quodam

189 1773 232 1810 ad
258 1772 419 1810 confinia
448 1772 708 1820 Hippenorum
735 1772 956 1822 trajecisset.

238 1843 440 1889 Postquam
477 1841 545 1880 hae
577 1841 778 1880 seditiones
809 1841 1002 1881 Taricheis
1023 1843 1300 1892 quodammodo

189 1919 288 1950 erant
321 1912 488 1958 sedatae,
516 1910 757 1950 Tiberienses
794 1912 927 1952 iterum
961 1915 1133 1953 tumultis
1157 1915 1301 1955 exciere

186 1983 423 2031 inceperunt,
452 1991 487 2020 et
513 1981 743 2029 scripserunt
776 1983 853 2031 regi
884 1984 1073 2033 Agrippae
1101 1992 1145 2023 ut
1177 1985 1300 2025 mitte—

191 2061 243 2091 ret
274 2051 424 2102 copias3
453 2052 490 2089 in
521 2052 644 2090 animo
671 2053 767 2091 enim
800 2052 845 2092 iis
878 2062 954 2093 erat
985 2055 1031 2094 ad
1052 2066 1135 2094 eum
1165 2056 1300 2096 transi-

1239 2136 1290 2165 re.

225 2218 285 2253 (r)
310 2217 357 2245 Cf*
380 2218 409 2245 iu
432 2218 486 2246 vit.
510 2218 537 2254 ς.
562 2226 684 2253 27—30.
706 2219 781 2247 nen.
804 2219 874 2255 Jud.
896 2220 936 2249 11.
961 2227 1006 2250 αι.
1029 2218 1058 2257 §.
1084 2229 1120 2256 3,
1143 2230 1180 2258 4,
1203 2230 1230 2256 5.

228 2274 277 2305 (a)
309 2274 358 2302 Cf.
384 2275 411 2302 in
435 2274 489 2303 vir.
515 2272 544 2313 ξ.
568 2284 614 2310 23.
640 2285 684 2308 3¹·
