1487 2703
457 200 968 242 LITERARIA.
1221 218 1264 245 21

193 309 358 350 Aderant
397 320 583 360 praeterea
621 312 758 350 multae
782 298 979 350 'cohortes
1016 321 1264 362 armatorum,

143 390 239 427 quae
267 379 407 427 ubique
438 380 477 418 in
512 378 676 419 Galilaea
720 391 822 420 erant
859 382 1074 431 dispersae,
1127 392 1164 421 et
1204 396 1266 422 ex-

143 447 336 487 cursiones
362 448 401 486 in
431 448 542 488 urbes
580 459 616 488 et
652 450 758 489 vicos
797 451 996 491 faciebant.
1065 453 1262 492 Habebant

137 527 230 556 suos
270 518 383 556 duces
418 526 455 556 et
493 529 603 567 saepe
637 519 771 557 incolis
811 520 1014 559 maximum
1053 510 1260 571 injecerunt

137 583 333 634 timorem3
376 595 516 635 atque,
554 587 611 625 uti
647 587 884 633 videbimus,
918 589 1110 639 Josephus
1150 590 1258 629 etiam

138 664 422 705 nonnumquam
450 668 509 696 res
542 668 628 696 cum
663 657 709 696 iis
743 658 876 697 habuit
902 659 986 708 (1).
1109 701 1113 706 ,

185 725 247 764 Ex
279 726 383 765 hisce
417 727 589 766 omnibus
629 735 732 775 patet
767 727 968 766 Galilaeam
1006 740 1051 767 eo
1089 737 1259 778 tempore

131 806 225 844 pace
262 804 300 834 et
341 796 606 844 tranquillitate
642 797 791 835 minime
827 796 990 845 gavisam
1016 809 1136 847 iesse,
1189 800 1256 836 sed

90 867 96 875 '
133 862 276 903 incolas
307 876 328 903 a
362 865 594 904 diversorum
634 865 786 905 stetisse
818 866 1017 916 partibus,
1069 868 1141 907 hos
1175 868 1257 907 Ro·-

131 934 278 982 manis,
305 934 391 974 illos
425 935 504 974 suis
536 935 695 975 ducibus
712 963 726 984 ,
754 937 893 974 multos
919 936 1012 974 adeo
1035 937 1148 975 nullis
1176 949 1256 975 om-

129 1003 222 1042 nino
257 989 443 1053 paruisse.
495 1005 651 1044 Plurimi
682 1014 803 1044 tamen
831 1017 958 1044 eorum
985 1006 1175 1056 Agrippae
1198 995 1254 1045 re-

86 1103 93 1110 ,.
117 1097 120 1099 >
131 1073 191 1121 gis
224 1081 289 1112 aut
328 1073 584 1113 Romanorum
618 1075 774 1123 imperio
809 1087 892 1114 sese
930 1075 1150 1115 subtrahere
1191 1089 1256 1115 co·-

64 1140 74 1143 ”
127 1141 338 1193 nabantur,
375 1151 412 1182 et
446 1143 616 1191 quamvis
645 1145 766 1183 adhuc
797 1144 906 1183 fidem
943 1157 1071 1184 eorum
1104 1158 1252 1185 servare

126 1212 368 1260 simularent,
394 1225 520 1253 revera
557 1221 677 1252 tamen
712 1214 849 1253 seditio
890 1214 1017 1253 ubivis
1043 1215 1176 1255 mirum
1210 1216 1249 1254 in

126 1282 279 1321 modum
311 1282 535 1320 incrementa
558 1283 741 1331 capiebat.
793 1284 990 1323 Provincia
1014 1297 1129 1333 ergo,
1157 1298 1250 1334 quae

115 1352 288 1403 Josepho
323 1352 536 1390 demandata
571 1361 649 1391 erat
683 1364 757 1392 una
793 1362 868 1393 erat
907 1366 953 1394 ex
990 1355 1215 1394 difficillimis
1232 1385 1245 1404 ,

123 1421 238 1460 modo
274 1421 508 1472 cogitemus,
536 1422 629 1470 quid
664 1423 697 1462 ei
732 1412 915 1473 agendum
942 1434 1057 1466 esset.
1097 1447 1150 1456 —
1185 1427 1244 1464 Eo

123 1491 222 1530 enim
255 1503 313 1530 res
349 1500 453 1531 erant
485 1494 738 1541 perducendae
779 1502 821 1532 ut
850 1493 916 1543 qui
945 1495 1019 1544 J’am
1058 1507 1156 1534 arma
1185 1507 1244 1535 ce-

121 1561 295 1619 pissent,
323 1563 578 1611 deponerent,
607 1572 650 1601 ut
682 1563 828 1611 decepti
855 1563 906 1602 ita
944 1564 1105 1603 Romani
1136 1574 1245 1615 puta-

119 1640 203 1671 rent
241 1643 324 1670 eum
362 1644 383 1671 a
423 1632 502 1671 suis
544 1640 642 1670 stare
670 1633 867 1681 apartibus.
946 1634 1091 1673 Contra
1135 1636 1244 1674 etiam

117 1701 231 1741 urbes
261 1711 365 1741 erant
390 1703 636 1750 muniendae,
684 1715 782 1742 arma
817 1705 1004 1753 paranda,
1039 1706 1241 1745 exercitum

117 1771 395 1820 colligendum,
447 1771 628 1810 Romanis
657 1780 719 1810 aut
755 1784 842 1822 rege
877 1773 1046 1823 Agrippa
1083 1774 1138 1813 nil
1169 1778 1240 1814 tale

119 1826 421 1890 suspicantibus.

165 1910 350 1960 Quamvis
388 1922 476 1960 ergo
519 1910 649 1953 hostili
700 1911 822 1950 animo
872 1921 1002 1951 contra
1039 1913 1234 1955 Romanos

114 1989 239 2030 ageret
276 1981 416 2020 amicos
454 1991 575 2020 tamen
615 1993 680 2021 eos
708 1993 855 2021 servare
885 1982 1068 2033 debe'bat3
1109 1986 1238 2034 singu-

112 2053 246 2099 lasque
265 2051 346 2091 illas
373 2061 496 2101 partes
518 2053 564 2090 de
588 2052 726 2100 quibus
747 2052 864 2091 locuti
889 2063 1020 2092 sumus
1036 2081 1050 2100 ,
1076 2055 1235 2103 conJ'un-

114 2132 202 2170 gere
238 2122 427 2162 studebat.

153 2231 207 2270 (1)
226 2232 275 2262 De
290 2234 373 2262 hisce
393 2233 558 2264 latronibus
575 2234 615 2263 cf.
636 2234 712 2262 Bell.
736 2234 809 2272 Jud.
830 2232 865 2262 11.
888 2243 932 2270 ¹4-
958 2229 988 2271 §.
1021 2241 1046 2262 ι.
1074 2235 1145 2264 [πη.
1165 2232 1225 2263 XX.

114 2292 141 2319 3.
163 2288 194 2317 in
215 2288 294 2325 fine,
316 2297 375 2320 etc.

1126 2347 1159 2395 §.
1187 2361 1227 2397 4.
