1544 2693
576 170 960 219 ORATIO.
1264 183 1316 227 15

211 315 330 355 num,
356 301 491 348 Deum
507 334 520 357 ,
547 304 663 349 cuius
686 307 893 353 voluntate
915 309 1068 354 factum
1085 344 1097 365 ,
1120 322 1189 367 ut,
1209 331 1314 372 quae

207 385 359 445 pietate
383 387 634 443 ducebatur,
655 405 756 448 gens
776 391 1094 453 Rempublicam
1116 400 1314 446 conderet

208 470 572 516 celebratissimam
586 504 598 526 ‚
626 474 973 522 protestantismo
997 481 1255 530 innitentem.

262 553 359 599 Fuit
392 555 495 601 haec
529 571 628 603 sane
669 561 889 618 peculiaris
919 564 1104 611 Civitatis
1143 577 1311 616 nostrae

206 637 419 694 conditio,
457 654 582 697 quam
616 641 661 685 in
690 645 800 689 nulla
838 647 1107 695 observamus
1139 652 1312 699 Civitate

205 721 448 766 recentioris
465 722 580 776 aevi,
598 737 650 768 ne
663 724 706 768 iu
723 724 815 785 ipsa
836 728 1071 789 Republica
1085 734 1309 783 Helvetica.

202 803 423 849 Nitehatur
450 804 520 849 illa
550 810 760 854 communi
795 813 963 859 foedere
987 817 1186 864 adversus
1216 823 1310 866 Au-

201 887 401 942 striacos‚
433 890 550 947 quod
576 891 781 939 libertatis
812 898 1008 956 politicae
1037 902 1309 951 vindicandae

201 985 327 1019 causa
346 973 536 1022 inierant.
602 976 685 1022 Hic
699 994 798 1025 vero
821 982 992 1029 libertas
1014 988 1224 1046 religionis
1244 991 1311 1034 ci·-

201 1054 268 1100 vili
288 1055 477 1112 *libertati
504 1059 707 1118 originem
730 1064 859 1111 dedit.
927 1068 1043 1115 Haec
1061 1087 1142 1116 una
1163 1073 1306 1120 civitas

197 1139 241 1182 in
270 1139 405 1184 media
433 1142 604 1200 politica
623 1160 701 1204 per
722 1147 959 1209 Europam,
985 1156 1123 1200 seculo
1143 1157 1308 1203 sedeci-

195 1236 288 1277 mo,
307 1227 654 1283 commutatione,
667 1244 689 1274 e
706 1217 1023 1282 Reformatione
1035 1238 1161 1285 vitam
1174 1240 1303 1288 duxit.

196 1306 311 1352 Haec
326 1309 674 1358 Protestantismo
686 1346 700 1368 ,
730 1317 854 1362 veluti
868 1319 1138 1368 fundamento
1152 1357 1164 1379 ,
1189 1326 1304 1370 inni-

192 1391 373 1439 tebatur.
446 1394 534 1439 Nec
576 1396 727 1442 mirum
770 1401 876 1446 adeo
912 1418 1096 1463 proavos
1133 1417 1304 1455 nostros

193 1475 468 1535 Reipublicae
498 1494 595 1538 suae
624 1494 721 1527 cum
749 1484 1092 1545 fundamentum,
1116 1499 1204 1537 tum
1232 1494 1302 1538 in-

194 1558 355 1614 dolem,
378 1561 457 1605 rite
481 1563 708 1619 indicasse,
740 1570 919 1615 nummis
937 1574 1020 1617 suis
1045 1582 1086 1618 et
1110 1585 1304 1623 monetae

190 1642 493 1690 inscribentes:
534 1646 630 1692 hac
656 1649 893 1710 nitimur3
925 1655 1053 1701 hanc
1080 1666 1295 1708 tuemur.

189 1722 264 1771 Illa
286 1730 576 1786 Religionem
608 1730 872 1790 indicabant,
917 1737 999 1783 hac
1023 1742 1295 1791 libertatem.

242 1893 357 1952 Quid
390 1910 489 1940 vero
530 1904 599 1951 tu,
629 1925 679 1934 —
708 1901 767 1945 ita
808 1903 985 1961 aliquem
1027 1909 1130 1953 mihi
1167 1912 1294 1958 oblo-

186 1984 378 2033 quentem
412 1979 556 2024 audire
580 1981 683 2025 mihi
711 1984 880 2040 videor,
907 2012 956 2021 —-
987 1990 1132 2037 laudas
1157 2009 1292 2054 proa-

183 2073 327 2104 vorum
360 2061 580 2120 pietatem,
631 2081 738 2123 quae
773 2069 817 2112 in
849 2071 1010 2118 artibus
1053 2076 1171 2122 unice
1204 2094 1291 2139 po·-

183 2143 303 2188 liticis
319 2177 332 2199 ‚
386 2154 482 2201 aut,
517 2148 552 2192 si
604 2150 761 2205 mavis,
810 2152 854 2197 in
896 2155 1061 2215 ingenio
1100 2161 1288 2209 illiberali

182 2226 256 2271 fuit
291 2226 490 2288 reposita.
551 2229 784 2289 Attendas,
825 2265 874 2272 -
905 2239 962 2283 ita
991 2241 1081 2297 ille,
1111 2265 1172 2288 -.·
1195 2247 1289 2294 vin-
