1487 2703
178 123 222 150 ιο
396 110 1076 151 COMMENTATIO.

174 220 349 267 Denique
373 219 490 266 vitia,
535 229 628 266 quae
659 219 743 257 inde
776 218 974 268 oriuntur,
1012 221 1115 269 quod
1144 230 1292 260 contra·

175 292 305 328 hentes
343 289 584 328 contrahendi
622 287 835 328 facultatem
873 300 951 327 non
991 290 1174 339 habeant,
1200 299 1290 340 aut,

175 361 277 408 quod
309 360 452 398 nullum
492 360 551 398 vel
585 372 654 398 non
676 359 828 408 justum
858 360 908 398 sit
943 360 1182 410 obligationis
1221 362 1293 400 ob·

168 428 307 475 jectum
335 428 418 479 (ι).

224 498 368 537 Codice
400 499 561 547 denique
590 499 866 547 Napoleontico
893 509 1053 548 quatuor
1078 510 1168 540 sunt
1199 512 1292 541 con·

172 569 362 616 ditiones,
402 569 448 606 ad
489 567 714 607 validitatem
759 571 1030 619 quuscumque
1076 579 1290 611 contractus

176 639 387 677 essentiales
403 651 413 677 :

403 721 438 749 1.
469 710 705 749 Consensus.

404 794 440 819 2.
470 780 638 819 Facultas
666 781 922 818 contrahendi.

401 862 436 899 3.
464 851 678 900 Objectum.

401 934 440 967 4.
463 922 571 968 Justa
596 932 706 959 causa
734 919 972 969 obligationis
1001 920 1088 969 (2).

175 990 232 1027 De
267 990 423 1038 singulis
457 992 532 1040 jam
572 990 767 1039 separatim
815 991 995 1028 nonnulla
1036 989 1146 1028 nobis
1184 999 1293 1028 erunt

172 1061 349 1107 dicenda,
388 1070 425 1098 et
459 1061 619 1110 primum
656 1060 806 1107 quidem
840 1060 885 1098 de
919 1059 1041 1098 tribus
1067 1059 1292 1109 prioribus,

171 1133 214 1168 de
245 1143 355 1169 eausa
385 1130 630 1179 sequentibus
666 1130 853 1179 capitibus
890 1130 1046 1170 acturis.

678 1283 714 1331 §.
756 1297 794 1323 2.

550 1427 581 1464 Ι.
622 1427 681 1465 Dc
708 1427 904 1467 consensu.

227 1579 313 1616 Sine
350 1592 522 1618 consensu
559 1581 685 1619 nullus
714 1581 874 1620 existere
909 1590 1034 1630 potest
1060 1590 1289 1621 contractus.

178 1651 438 1699 Ulpianus
466 1650 558 1698 (3),
582 1652 655 1699 jam
692 1651 827 1690 docet:
869 1680 899 1699 ,‚
927 1653 1070 1690 nullum
1097 1664 1178 1691 esse
1205 1663 1298 1691 con·

183 1750 213 1768 „
240 1729 419 1768 tractum,
448 1721 587 1758 nullam
614 1720 905 1770 obligationem,
936 1733 1028 1769 quae
1058 1733 1135 1760 non
1164 1723 1297 1761 habeat

181 1819 212 1837 „
240 1791 278 1828 in
305 1802 343 1828 se
372 1790 658 1828 conventionem
682 1791 708 1807 ’⁹
735 1791 821 1841 (4).
877 1793 1097 1831 Consensus
1120 1792 1233 1841 igitur
1250 1793 1296 1831 ab

1198 1872 1298 1902 utra-

218 1965 370 1999 (13Add.
392 1968 571 2000 Mer1.,1.
594 1968 616 1994 1.
641 1964 670 2003 §.
694 1969 722 1996 6.

220 2022 271 2057 (2)
294 2023 334 2050 V.
358 2023 397 2050 A.
418 2027 508 2053 1108.
533 2024 569 2051 C.
593 2025 629 2051 C.

223 2078 273 2116 (i)
297 2081 333 2108 V.
358 2080 430 2109 Lex.
452 2082 473 2108 1.
495 2078 523 2118 §.
545 2090 574 2115 3.
598 2081 628 2109 ff.
650 2082 686 2109 de
706 2082 813 2116 pactis.

223 2135 274 2173 (4)
298 2138 528 2165 conventionem
553 2138 602 2166 hic
619 2146 674 2175 pro
696 2148 865 2168 consensum
890 2139 1027 2176 usurpari
1046 2148 1084 2169 ex
1103 2140 1300 2176 sequentibus

188 2194 343 2222 manifeste
360 2203 492 2230 apparet.
