1487 2703
176 153 247 191 152
392 142 1061 184 COMMENTATIO

172 249 395 288 Lormais
432 252 574 299 primus
612 261 741 290 auctor
776 253 945 293 habetur.
985 277 1039 285 —
1086 255 1274 295 Adhibent

166 320 227 358 alii
268 321 405 358 Solana
430 332 561 368 cocta,
590 322 650 359 alii
682 324 794 360 cruda
834 332 1034 371 postquam
1069 325 1176 363 initio
1210 338 1277 375 per

159 390 311 437 aliquod
344 399 490 439 tempus
537 400 643 429 cocta
686 404 770 429 cum
813 393 936 441 aliqua
978 397 1128 432 Avenae
1175 405 1277 444 parte

160 469 410 505 porrexerant.
459 478 494 485 -
525 461 651 509 Vulgo
679 470 799 500 tamen
825 463 944 501 coctis
979 473 1163 512 utuntur,
1191 466 1278 513 qui·

163 529 235 566 bus
280 529 431 566 foenum
474 531 532 568 vel
565 539 805 570 stramentum
836 534 1068 572 conscissum
1105 535 1274 583 addunt,

162 598 243 635 sive
279 609 430 645 quoque
455 600 620 638 Avenam
659 603 788 651 majori
827 603 1008 642 minorive
1049 605 1277 654 quantitate,

163 668 312 715 quando
352 669 438 716 equi
466 669 656 708 laboribus
682 671 862 711 inservire
893 674 1043 713 debent.
1107 675 1277 714 Nutrivit

166 739 234 775 hac
272 738 414 777 ratione
447 739 647 778 fabricator
684 742 832 788 quidam
871 744 1016 792 Anglus
1051 747 1099 782 80
1126 756 1274 792 equos,

159 808 347 856 similique
373 809 485 847 modo
510 810 543 849 C
559 821 582 847 u
597 821 738 849 rwan
761 812 799 850 in
818 813 973 862 Angliae
996 815 1274 862 Septentriona·

161 877 208 915 lis
234 879 385 926 regione
421 880 674 919 Cumberland
707 884 756 919 60
793 894 939 931 equos,
985 885 1092 922 unice
1133 886 1278 924 Solonis

161 959 244 988 cum
288 957 519 998 stramentog,
560 959 672 998 atque
716 960 874 992 testatur
912 953 1006 991 idem
1055 955 1276 993 Curwan

95 1001 103 1009 ⁶
162 1029 281 1066 equos
322 1019 393 1056 hoc
434 1020 572 1067 pabulo
611 1021 777 1060 nutritos
811 1023 850 1059 in
880 1025 930 1076 (ἢ
956 1024 1129 1061 horarum
1153 1023 1274 1072 spatio

162 1089 230 1125 iter
272 1087 408 1126 fecisse
448 1101 493 1138 35
531 1090 738 1129 milliarium
777 1092 918 1140 absque
956 1093 1033 1131 ullo
1071 1093 1280 1135 incommo-

165 1158 229 1196 do.

212 1231 486 1268 Asseverarunt
521 1242 673 1278 quoque
709 1232 822 1279 Angli
855 1233 1033 1280 pabulum
1066 1235 1137 1272 tale
1167 1235 1275 1283 equis

162 1309 242 1336 esse
284 1299 484 1338 remedium
536 1301 657 1338 morbi
688 1300 888 1352 Suffragit'.
956 1304 1154 1342 Perhibent
1213 1304 1274 1341 alii

164 1379 284 1415 equos
310 1370 414 1405 nullo
458 1369 595 1416 pabulo
644 1370 717 1405 alio
754 1369 886 1406 melius
936 1370 1037 1407 refici
1079 1380 1167 1419 post
1211 1384 1276 1411 ve-

158 1437 319 1476 nationis
373 1436 700 1484 defatigationem,
754 1437 909 1484 ipsaque
961 1439 1156 1478 venatione
1207 1441 1276 1479 mi-

160 1519 232 1545 nus
272 1508 469 1551 delassari,
512 1506 544 1544 si
583 1516 687 1544 antea
733 1506 878 1545 Solam’s
922 1517 1129 1548 vescantur.
1184 1510 1276 1548 Om-

159 1589 225 1615 nes
263 1577 423 1625 denique
474 1576 539 1624 qui
587 1577 803 1614 methodum
855 1578 973 1615 secuti
1024 1588 1145 1626 sunt,
1196 1581 1275 1618 lau-

157 1649 243 1686 dant
282 1646 407 1693 vires,
459 1647 680 1684 alacritatem
708 1675 721 1695 ,
771 1647 990 1686 obesitatem
1033 1648 1273 1698 pilorumque

160 1718 375 1755 densitatem
418 1726 454 1754 et
490 1717 672 1764 nitorem,
701 1717 840 1764 quibus
867 1720 1120 1763 excelluerunt
1157 1721 1271 1769 equi3

154 1789 292 1826 similes
328 1788 450 1824 bonos
486 1786 642 1824 effectus
673 1788 780 1825 etiam
809 1787 902 1826 vidit
938 1788 1098 1837 agricola
1128 1789 1191 1828 ille
1230 1776 1269 1829 in

160 1857 333 1896 Zelandia
375 1857 440 1905 qui
478 1869 543 1904 per
593 1865 666 1895 tres
708 1857 846 1896 hiemes
879 1859 984 1906 equis
1017 1859 1095 1898 suis
1131 1861 1272 1903 Solana

155 1938 239 1967 cum
266 1929 393 1965 Avena
421 1928 600 1975 porrexit.
616 1928 673 1976 >(ι
689 1928 708 1975 )

1172 1999 1273 2038 Tan-

188 2118 242 2155 (1)
261 2119 288 2155 J.
313 2119 341 2155 J.
364 2117 511 2145 Remer
537 2116 597 2144 und
624 2116 655 2145 Ρ.
685 2117 818 2144 Utter.
856 2117 969 2146 Boean.
1001 2118 1180 2153 Magazin,
1207 2119 1267 2146 Zu-

157 2177 220 2205 rich
236 2179 329 2209 1787,
351 2174 433 2202 Band
453 2173 477 2201 1.
502 2174 575 2201 Stuk
599 2183 627 2203 2.
652 2181 719 2207 pag.
744 2181 808 2207 155.
831 2187 866 2194 —
887 2173 1052 2208 Rosier,
1081 2175 1174 2201 Cours
1193 2184 1267 2202 com-

150 2235 216 2269 plet
242 2231 450 2269 d'agricult.,
471 2230 559 2259 Tom.
592 2231 669 2261 VllL
697 2238 761 2266 pag.
785 2238 852 2261 ιιι.
879 2247 924 2255 -
947 2232 1105 2261 Transact.
1124 2234 1178 2270 for
1205 2231 1268 2262 Em,

1182 2297 1267 2316 four·

1445 1036 1472 1513 ..·.;.-·⁴-.--v».-:.-.......-·As-0-
1464 989 1470 1021 ν’
1460 958 1467 973 'v
1464 923 1469 934 ⁴»
1464 898 1466 906 -

1456 1755 1470 1834 ‚l

1454 1835 1487 1939 ᾖ,

1447 1943 1469 2073 Δξ
