1487 2703
237 196 283 231 28
463 190 1125 232 COMMENTATIO

233 301 324 339 mala
359 309 628 348 expugnarent.
704 300 801 339 Cum
840 309 959 340 autem
1001 312 1125 341 essent
1159 303 1252 342 istae
1283 315 1347 342 co·

232 371 317 421 piae
347 371 482 420 exiguo
516 380 659 410 tantum
695 383 850 410 numero
887 383 1009 421 neque
1053 375 1262 414 sufficerent
1303 376 1349 414 ad

232 442 423 480 castellum
456 442 705 491 cingendum,
732 443 810 481 vias
846 454 941 491 quae
975 444 1021 482 ad
1050 444 1202 484 Gamala
1238 445 1350 485 duce·

232 513 323 550 bant
352 512 574 562 occupavit3
602 512 737 550 interea
762 513 952 551 Aebutius
983 513 1078 552 alius
1107 515 1206 562 dux,
1232 524 1351 555 noctu

231 582 336 620 venit
359 582 398 620 in
425 582 549 621 vicum
579 582 817 632 Simoniada,
848 583 914 621 ubi
941 591 1031 622 tunc
1049 585 1243 634 Josephus
1269 596 1352 624 mo-

230 651 407 699 rabatur,
447 652 588 701 quique
616 653 805 701 sexaginta
840 653 957 692 stadia
993 665 1014 692 a
1051 645 1205 693 castello
1238 654 1351 694 dista-

230 720 309 761 bat.
376 722 562 761 Proelium
595 723 633 761 in
671 723 788 761 hocce
825 723 909 762 vico
936 724 1143 764 Aebutium
1186 726 1284 765 inter
1313 734 1350 764 et

224 791 435 842 Josephum
463 792 703 832 commissum
737 793 833 842 fuit,
859 794 899 832 in
928 806 1006 843 quo
1039 795 1145 834 hicce
1167 804 1240 834 tam
1262 806 1351 845 pru·

230 864 352 901 dentia
384 874 494 912 quam
529 863 582 901 rei
612 863 781 901 militaris
822 863 956 913 peritia
998 865 1184 904 inclaruit.
1260 867 1351 905 Dux

229 941 354 971 autem
397 933 590 980 hostium,
642 937 792 972 centum
840 945 967 973 secum
1015 935 1156 974 habens
1204 934 1351 984 equites

228 1001 490 1050 ducentosque
527 1002 675 1040 circiter
713 1002 858 1051 pedites
893 1012 931 1042 et
962 1005 1118 1054 insuper
1145 1005 1350 1043 nonnullos

229 1084 276 1111 ex
315 1071 448 1111 incolis
479 1071 642 1111 civitatis
680 1072 830 1121 Gabae,
881 1084 967 1111 cum
1001 1074 1040 1112 id
1069 1074 1201 1113 sedulo
1235 1074 1351 1123 egerit

228 1142 497 1192 utJosephum
529 1154 614 1182 cum
645 1142 724 1181 suis
755 1143 801 1182 ad
833 1154 995 1193 pugnam
1022 1144 1061 1183 in
1083 1145 1236 1194 planitie
1259 1154 1352 1183 con-

227 1214 415 1253 serendam
450 1214 624 1260 eliceret,
658 1213 725 1252 ubi
759 1215 932 1264 maJorem
969 1226 1014 1253 ex
1047 1214 1217 1264 equitatu
1249 1215 1352 1254 utili·

227 1293 340 1323 tatem
373 1284 560 1332 percipere
593 1292 723 1332 posset
738 1311 752 1331 ‚
791 1285 1002 1322 decreverat
1029 1292 1151 1323 tamen
1190 1284 1230 1323 in
1262 1284 1346 1323 vico

226 1365 314 1392 curn
345 1353 521 1392 hostibus
549 1353 757 1392 decernere.

276 1423 335 1461 Ibi
359 1423 474 1472 igitur
501 1434 627 1472 pugna
657 1430 829 1460 conserta
864 1422 1054 1461 Aebutius
1088 1423 1239 1471 quidem
1283 1422 1351 1463 ali-

228 1493 446 1541 quantisper
484 1501 636 1531 strenue
667 1492 829 1540 restitit,
855 1504 944 1531 mox
975 1502 1098 1531 tamen
1132 1504 1218 1531 cum
1240 1492 1350 1531 intel..

227 1563 378 1602 lexisset
405 1563 533 1611 copias
559 1571 752 1610 equestres
777 1562 838 1600 hic
860 1562 934 1600 loci
954 1563 1094 1601 nullius
1116 1574 1208 1601 usus
1235 1573 1346 1604 esse,

227 1643 268 1671 re
295 1631 457 1680 infecta,
485 1632 629 1671 Gabam
660 1644 701 1671 se
726 1632 881 1681 recepit.
927 1633 1119 1683 Josephus
1147 1644 1235 1671 vero
1258 1644 1344 1671 eum

227 1711 446 1750 persecutus
460 1712 540 1749 est,
569 1713 811 1750 magnamque
833 1699 1010 1739 frumenti
1030 1701 1176 1749 copiam
1196 1712 1346 1740 coacer-

224 1780 343 1811 vatam
378 1774 416 1810 in
442 1772 594 1822 gratiam
622 1772 768 1821 reginae
801 1770 1025 1819 Berenices,
1069 1782 1114 1809 ex
1145 1771 1239 1809 urbe
1274 1771 1346 1810 Be·

225 1854 332 1889 sara,
380 1853 473 1890 quae
503 1852 583 1879 non
616 1843 749 1890 procul
771 1853 791 1878 a
812 1840 1038 1880 Ptolemaide
1070 1841 1257 1890 distabat,
1303 1841 1343 1881 in

226 1912 427 1950 Galilaeam
467 1912 670 1950 transtulit.
749 1911 846 1950 Dein
881 1913 1014 1951 iterum
1051 1911 1255 1950 Aebutium
1296 1913 1343 1951 ad

227 1983 411 2030 proelium
441 1983 710 2021 conserendum
744 1983 993 2031 provocavit,
1031 1983 1134 2030 quod
1164 1993 1250 2021 cum
1279 1984 1342 2021 ille

225 2054 505 2101 recusavisset,
543 2061 672 2090 contra
706 2052 1023 2101 Neapolitanum,
1062 2054 1193 2092 ducem
1231 2054 1338 2092 etiam

230 2123 419 2170 hostium,
448 2124 512 2171 qui
538 2135 657 2172 prope
680 2123 905 2161 Tiberiaden
929 2132 1047 2162 castra
1070 2124 1250 2172 habebat,
1278 2124 1340 2162 iti-

230 2201 315 2230 nere
351 2191 492 2230 deflexo
520 2191 711 2242 profectus
742 2201 824 2241 est,
853 2205 929 2242 quo
953 2194 1109 2243 fugato,
1133 2194 1205 2242 jam
1237 2194 1336 2232 deni·

1258 2275 1330 2312 que

1481 2190 1487 2201 p
1480 2083 1487 2187 effi*-

1479 2561 1487 2703 —„-—„-—-
1480 2404 1487 2546 —-f†*:-:
1480 2270 1487 2393 ‹eff—⁴—
1480 2203 1487 2259 -Ἢ-
