1487 2703
203 183 250 218 74
418 166 1090 208 COMMENTATIO

199 279 351 318 omnino
383 280 530 323 valere,
551 276 719 324 quamvis
748 274 839 314 falsa
871 277 930 314 vel
962 276 1088 315 illicita
1115 287 1226 314 causa
1251 287 1316 318 ex.-

198 360 324 398 pressa
362 348 441 395 sit,
492 347 605 384 modo
645 357 765 383 veram
803 357 955 393 eamque
986 346 1121 384 licitam
1156 346 1314 395 habeat3

199 430 279 457 nam
314 416 474 463 sufficit,
503 428 579 453 earu
623 415 780 461 adesse,
809 426 929 462 neque
957 415 1040 453 tolli
1073 424 1200 464 potest
1225 415 1318 455 falsa

197 499 306 525 causa
355 477 509 535 adjecta.
587 485 734 532 Estque
777 485 865 523 haec
906 486 1113 524 communis
1151 486 1317 524 omnium

197 558 437 605 interpretum
473 555 603 603 opinio
631 555 715 603 (1).
770 555 831 592 Sic
867 554 1004 592 valebit
1040 555 1218 600 donatio,
1246 555 1316 594 sub

199 627 320 676 specie
343 625 516 664 emtionis
541 624 636 662 facta
653 653 666 672 ,
693 625 804 662 modo
836 623 1054 663 observatae
1079 625 1154 663 sint
1178 624 1321 664 formae

197 699 236 736 in
261 696 462 736 donatione
485 694 699 742 requisitae.
745 695 957 732 Secundum
980 705 1021 732 ea
1048 703 1197 740 autem,
1225 704 1321 742 quae

198 779 310 815 supra
340 765 605 814 exposuimus,
634 775 743 803 causa
782 763 1024 802 conventioni
1064 765 1203 812 adjecta
1226 763 1321 802 falsa

199 847 262 876 aut
291 836 418 875 illicita
441 836 617 873 declarata
635 863 647 882 ,
674 834 835 872 creditor
870 834 1029 882 probare
1057 833 1198 881 debet,
1223 833 1321 872 obli-

199 907 383 956 gationem
416 905 519 943 aliam
558 916 599 942 ac
634 905 770 942 licitam
809 915 956 942 causam
991 903 1191 951 habuisse,
1247 903 1320 941 nisi

199 985 321 1014 tamen
354 986 400 1013 ex
436 976 515 1024 ejus
548 973 785 1012 confessione
808 981 1041 1021 compertum
1065 974 1141 1020 sit,
1171 985 1318 1012 causam

160 1044 168 1048 ”
200 1048 374 1097 adjectam
409 1043 538 1082 falsam
573 1052 636 1082 aut
669 1043 834 1082 illicitam
877 1054 982 1081 esse:
1040 1053 1116 1091 quo
1156 1054 1247 1081 casu
1286 1043 1320 1081 si

202 1117 426 1162 contendat,
450 1126 527 1152 eam
550 1123 671 1151 tamen
697 1113 802 1151 aliam
837 1124 878 1150 ac
915 1113 1054 1150 licitam
1085 1123 1231 1151 causam
1257 1113 1322 1150 ha·

200 1187 355 1233 baisse,
406 1185 608 1223 credendus
655 1192 736 1230 est,
790 1182 964 1230 quoniam
1004 1181 1195 1221 confessio
1236 1183 1318 1232 ejus

203 1257 380 1295 adversus
416 1255 541 1302 ipsum
580 1252 694 1291 dividi
733 1253 863 1300 nequit
890 1253 973 1300 (2).

255 1329 398 1366 Contra
422 1336 511 1363 vero
543 1325 642 1361 ultro
674 1323 890 1371 intelligitur
907 1349 920 1368 ‚
947 1322 1236 1360 conventionem
1263 1333 1320 1360 es-

205 1410 246 1436 se
273 1398 435 1441 nullam,
489 1395 527 1431 in
572 1404 646 1440 qua
691 1403 862 1439 expressa
912 1391 1059 1439 quidem
1115 1400 1172 1430 est
1212 1404 1321 1431 causa

204 1467 332 1512 licita,
386 1466 419 1502 si
449 1471 648 1511 appareat,
699 1473 778 1499 eam
813 1472 936 1499 revera
965 1462 1139 1501 habuisse
1173 1473 1320 1501 causam

207 1537 384 1575 illicitam.
438 1534 658 1572 Conductor
689 1531 855 1577 aedium,
893 1530 999 1568 finito
1026 1541 1193 1580 tempore
1233 1544 1323 1570 con-

210 1615 374 1653 tractus,
397 1615 480 1641 cum
511 1602 674 1639 locatore
692 1600 894 1648 paciscitur
909 1629 922 1646 ‚
944 1611 984 1639 ut
1007 1601 1080 1639 sibi
1099 1611 1234 1640 certam
1258 1613 1323 1652 pe·

211 1677 340 1716 cuniae
385 1685 564 1712 suminam
601 1672 661 1709 det
687 1682 758 1719 pro
802 1670 1039 1708 restitutione
1070 1671 1227 1710 aedium.
1268 1694 1322 1702 —

211 1749 334 1786 Causa
371 1754 427 1782 est
452 1751 581 1782 contra
613 1743 740 1789 leges,
768 1740 922 1787 illicita,
952 1741 1126 1788 quoniam
1159 1741 1230 1780 sita
1265 1752 1321 1781 est

1286 1824 1324 1850 m

253 1956 304 1993 (ς)
325 1955 382 1984 eff.
403 1963 435 1983 v.
458 1962 486 1988 g.
509 1952 688 1987 Mei-lim,
713 1954 818 1988 Quest.
840 1953 874 1979 de
895 1953 1015 1988 Droie,
1033 1955 1056 1982 1.
1077 1956 1099 1983 l.
1123 1951 1154 1992 §.
1169 1954 1318 1993 1.n⁰.3.‚

215 2014 287 2050 qui,
302 2020 347 2041 ter
366 2012 410 2040 sic
426 2011 590 2045 judicatum
608 2017 694 2044 esse,
710 2010 824 2042 refert;
849 2010 901 2038 To
913 2011 1000 2044 ull„
1019 2012 1041 2039 l.
1062 2012 1086 2040 1.
1107 2011 1156 2041 κιο.
1171 2016 1252 2049 176.,
1269 2016 1320 2050 qui

213 2073 245 2100 in
261 2078 332 2100 nota
347 2069 404 2098 alia
426 2068 510 2096 affert
526 2066 676 2100 ejusmodi
691 2065 824 2103 judicia,
844 2067 871 2095 D
885 2074 1072 2103 uranmn,
1094 2070 1116 2096 l.
1138 2071 1159 2099 1.
1179 2068 1230 2100 n0.
1244 2080 1318 2106 3105

215 2129 384 2162 Paillet‚
405 2127 440 2154 ad
466 2127 497 2153 h.
526 2132 580 2153 art.
599 2125 650 2152 ¹1⁰.
680 2132 715 2157 13
737 2125 957 2159 Zacharia,
980 2127 1043 2154 1.1.
1068 2133 1127 2156 etc.
1162 2129 1241 2158 Add.
1264 2130 1320 2159 alia

217 2195 262 2215 res
287 2184 417 2218 judicata
436 2183 513 2218 apud
538 2181 676 2216 Sirey,
698 2183 720 2209 1.
744 2183 766 2210 l.
790 2185 856 2212 Pars
874 2181 896 2210 1.
913 2189 980 2216 pag.
1000 2189 1066 2216 571.

254 2241 305 2279 (ε)
328 2241 396 2273 vid.
424 2247 478 2269 art.
506 2239 542 2267 C.
564 2240 602 2268 C.
629 2241 716 2273 1356.
739 2239 819 2267 Add.
842 2238 980 2277 Paill.‚
1002 2240 1024 2267 1.
1046 2241 1137 2269 modo
1155 2242 1233 2271 laud.
