1487 2703
213 229 257 265 14
430 214 1090 254 COMMENTATlo

212 329 297 362 tem·
323 333 446 362 essent
489 323 526 361 hi
567 323 638 361 viri
673 323 820 361 honesti
860 323 996 371 probi,
1040 333 1310 375 tenerentque,

210 394 378 441 quamvis
416 395 454 432 in
494 394 597 431 malis
637 401 846 440 versantes,
900 394 1086 441 religionis
1120 404 1313 445 praecepta

207 464 329 511 iisque
366 464 686 511 obsequerentur,
713 463 833 502 voluit
861 463 908 502 iis
926 464 1114 513 Josephus
1136 466 1314 514 prodesse

204 534 348 581 iterque
383 533 548 581 suscepit
586 542 626 570 ut
661 532 788 570 amicis
831 534 1041 572 inserviret.
1116 534 1313 573 Profectus

204 615 293 652 ergo
322 603 409 641 navi
448 603 606 641 Romam
641 611 722 650 est,
764 604 828 641 sed
867 604 966 643 haud
995 605 1152 643 multum
1189 604 1314 643 aberat

204 673 293 720 quin
322 682 521 721 tempestas
545 683 628 710 eum
652 674 937 721 procellaeque,
963 685 1093 723 magna
1117 674 1155 712 vi
1182 685 1313 713 navem

203 751 448 791 quassantes,
475 742 549 781 vita
576 742 763 791 privarent
794 743 833 780 in
865 744 958 781 flore
980 743 1123 783 aetatis.
1167 743 1219 785 ,In
1239 755 1316 782 me-

203 812 266 849 dio
305 812 399 850 enim
427 812 520 851 Sinu
544 811 736 850 Adriatico
773 813 858 850 navi
885 812 1062 851 fluctibus
1089 813 1282 852 submersa
1300 841 1315 862 ,

202 881 371 930 plerique
401 893 422 919 e
455 881 567 922 sociis
615 891 769 919 mortem
812 882 1008 931 invenere,
1062 883 1145 931 ipse
1188 892 1312 923 autem

202 952 363 989 natando
389 952 501 989 vitam
533 952 718 990 servavit:
764 962 895 990 navem
930 953 1027 990 enim
1066 953 1310 1001 Cyrenaicam

202 1019 323 1068 attigit
355 1029 392 1058 et
417 1020 462 1057 ab
491 1032 531 1058 ea
559 1030 729 1069 receptus
765 1031 837 1060 est.
872 1044 924 1053 —
956 1023 1134 1061 Puteolos
1160 1024 1230 1073 (1)
1260 1023 1312 1062 ita

200 1092 403 1137 advectus,
435 1091 473 1128 in
504 1091 700 1129 amicitiam
726 1091 779 1129 ibi
812 1093 982 1140 pervenit
1019 1092 1217 1131 mimorum
1252 1105 1313 1132 ac·

199 1161 291 1198 toriS
321 1161 512 1210 cujusdam
538 1161 706 1209 Alituri,
752 1161 818 1209 qui
853 1173 983 1210 magna
1018 1162 1057 1200 in
1089 1163 1203 1210 gratia
1235 1173 1333 1211 erat·

198 1243 282 1268 cum
324 1231 476 1269 Nerone
515 1232 764 1280 imperatore,
817 1242 1023 1281 genereque
1051 1232 1182 1281 Judaei
1220 1233 1306 1284 (α).

197 1300 291 1348 Ejus
315 1312 387 1348 ope
409 1301 639 1349 imperatoris
663 1301 771 1340 uxori
792 1302 986 1351 Poppaeae
1010 1302 1197 1349 innotuit,
1214 1315 1310 1342 eam-

199 1381 272 1417 que
296 1371 401 1407 valde
435 1370 675 1418 sollicitavit,
729 1380 771 1409 ut
807 1372 1064 1410 sacerdotibus
1101 1372 1307 1411 libertatem

197 1441 391 1488 redderet3
419 1440 520 1487 quod
556 1440 804 1488 beneficium,
833 1453 948 1489 quum
985 1441 1130 1479 tandem
1163 1453 1184 1479 a
1210 1443 1310 1491 Pop-

198 1522 286 1558 paea
316 1510 544 1558 accepisset,
572 1510 762 1555 omnibus,r
780 1509 891 1549 rebus
924 1510 969 1548 ab
994 1521 1036 1549 ea
1059 1519 1242 1560 >ornatu5,
1270 1512 1310 1551 in

198 1579 350 1627 patriam
384 1580 549 1620 revertit.

251 1650 324 1687 Hic
347 1662 440 1690 vero,
457 1660 586 1688 omnes
611 1661 669 1688 res
688 1650 853 1689 turbatas
871 1650 1308 1691 immin—Fatendum

201 1729 257 1757 est
290 1720 448 1758 Felicem
481 1729 517 1757 et
547 1720 697 1758 Festum
739 1720 925 1769 regionem
958 1733 1061 1759 suam
1098 1721 1310 1770 oppressis-

198 1802 238 1827 se
265 1791 359 1840 (3),
396 1791 460 1828 sed
494 1791 769 1839 comparatione
803 1790 972 1834 instituta
1002 1791 1071 1829 hos
1101 1790 1198 1829 inter
1223 1792 1309 1840 qui-

200 1873 272 1907 que
306 1861 350 1898 iis
380 1861 546 1909 proxime
580 1869 840 1905 successerunt
864 1860 1042 1899 Albinum
1066 1868 1104 1899 et
1126 1861 1307 1900 Gessium

1199 1950 1202 1952 ·
1221 1931 1310 1969 Flo-

236 2011 288 2048 (1)
310 2013 431 2042 Puteoli
453 2012 545 2050 (olim
571 2012 779 2048 Dicaea-chia)
798 2013 868 2041 urbs
891 2014 1082 2050 Campaniae.
1103 2013 1154 2043 Cf.
1175 2015 1303 2052 joseph.

200 2069 274 2096 Ant.
295 2069 374 2097 X1x.
394 2070 419 2097 1.
441 2065 473 2104 §-
498 2078 526 2098 1.
762 2110 764 2113 Ι

237 2126 288 2163 (2)
311 2128 393 2155 Nero
417 2127 504 2154 valde
529 2127 559 2154 in
583 2128 700 2155 honore
718 2127 819 2155 habuit
836 2116 1016 2162 histriones,
1039 2126 1199 2154 mimorum
1223 2132 1309 2154 acto-

199 2190 266 2216 res,
288 2190 348 2211 etc.
371 2183 420 2211 cf.
443 2187 566 2213 sueton.
589 2183 618 2211 in
643 2183 730 2218 Vita,
751 2192 780 2213 c.
800 2193 847 2213 21.
870 2192 937 2219 sqq.
1246 2174 1247 2177 Ἰ

237 2238 288 2275 (3)
311 2240 355 2267 De
374 2239 473 2267 Felice
493 2240 535 2268 cs.
560 2241 624 2277 Jos.
651 2242 722 2269 Ant.
745 2241 806 2269 XX.
830 2245 860 2270 8.
881 2243 908 2277 §.
932 2250 960 2274 5.
984 2249 1049 2275 sqq.
1071 2242 1149 2268 nell.
1171 2241 1245 2278 Jnd.
1264 2241 1303 2269 11.

200 2301 246 2327 13.
270 2305 296 2325 2.
317 2303 384 2330 sqq.
409 2297 453 2324 De
473 2297 560 2325 Festo
582 2298 649 2334 Jos-
669 2299 741 2326 Ant.
765 2298 826 2327 XX.
847 2306 875 2327 c.
899 2301 928 2328 8.
951 2293 980 2335 ξ.
1006 2305 1051 2327 ιο.
1075 2305 1141 2332 sqq.
