1487 2703
210 169 279 214 2⁴³
429 157 1088 202 COMMEN'I'ATLO

700 299 749 346 :5-
796 311 830 347 3·

309 458 467 511 Querela
483 489 494 506 ‚
525 460 568 498 de
588 461 712 499 nimia
724 459 925 508 sedulitate
951 462 990 497 in
1020 460 1227 499 tractandis

601 529 706 569 rebus
729 529 938 569 levioribus.

274 673 316 710 ln
337 673 483 713 concisa
503 673 701 721 brevitate,
715 675 776 712 cui
795 674 1021 714 catechismi
1041 681 1211 712 auctores
1235 683 1323 721 ope-

226 753 299 784 ram
326 742 466 781 dedisse
484 743 660 790 vidimus,
706 744 806 782 Sect.
833 744 865 782 I.
894 744 1028 783 Partic.
1055 743 1104 782 11.
1135 745 1171 793 §-
1200 743 1240 781 6.
1267 742 1323 780 vi-

226 810 251 854 fi
275 819 395 850 tamen
415 811 498 850 sunt
523 813 714 852 nonnullis
741 815 937 862 aliquando
963 814 1148 861 longiores
1172 813 1210 850 in
1234 822 1328 850 trac·

228 881 346 918 tandis
371 881 482 918 rebus
504 881 626 921 minus
650 883 821 931 gravibus
838 911 851 930 ‚
879 892 976 921 certe
998 893 1074 921 eam
1100 881 1324 930 diligentiam

229 959 305 986 non
331 949 621 995 postulantibus.
664 951 787 988 Huius
813 951 1010 989 sedulitatis
1033 950 1167 988 nimiae
1191 948 1328 998 species

229 1016 415 1061 occurrit,
444 1027 514 1056 una
545 1018 583 1055 in
622 1019 706 1056 loco
744 1019 787 1056 de
827 1020 1075 1058 Sacraments‘s
1095 1046 1109 1064 ‚
1147 1017 1258 1057 altera
1291 1018 1329 1056 in

229 1085 397 1124 doctrina
425 1086 469 1124 de
488 1091 710 1137 precatione.

282 1155 433 1193 Palatini
461 1155 725 1194 institutionem
741 1157 784 1195 de
808 1158 907 1195 sacro
933 1158 1116 1208 Baptismo
1146 1168 1181 1196 et
1208 1158 1331 1197 coena

233 1225 386 1265 Domini
416 1226 560 1271 nostri,
601 1236 743 1274 quaest.
781 1238 817 1265 et
854 1239 954 1276 resp.
987 1230 1140 1276 65-82.
1182 1227 1330 1277 longius

233 1294 511 1343 produxerunt,
539 1307 646 1342 quarn
685 1296 853 1344 plerique
874 1297 991 1334 solent
1023 1298 1067 1335 de
1095 1307 1255 1345 utroque
1278 1296 1335 1335 in-

235 1362 363 1401 stituto
399 1365 436 1400 in
469 1364 572 1401 libris
608 1365 839 1403 catecheticis
876 1366 1086 1408 scribentes.
1139 1366 1260 1405 Cuius
1283 1367 1332 1405 rei

236 1443 309 1471 tres
341 1432 453 1472 fuisse
488 1433 615 1472 causae
653 1434 837 1472 videntur.
891 1435 1025 1472 Prima
1056 1435 1092 1472 in
1121 1444 1336 1473 controver-

235 1501 327 1549 fiis,
367 1503 411 1540 de
445 1502 634 1550 Baptismo
683 1513 719 1541 et
756 1504 886 1542 Coena
922 1505 1017 1542 inter
1042 1504 1338 1544 Christianorum

234 1570 389 1611 familias
427 1573 515 1610 ortis
532 1601 545 1620 ,
582 1583 618 1610 et
655 1574 691 1611 in
718 1573 929 1622 periculosis
957 1574 1173 1621 erroribus,
1202 1573 1340 1622 quibus

238 1640 372 1680 imbuti
398 1651 498 1680 erant
520 1645 694 1690 permulti
716 1671 728 1691 ,
752 1655 834 1681 cum
863 1644 1048 1681 Romanae
1074 1642 1255 1682 Ecclefiae
1277 1643 1339 1682 ad-

237 1710 325 1749 dicti
343 1739 356 1757 ,
398 1719 474 1749 tum
500 1710 749 1749 sodalitatibus
786 1712 971 1750 emendata
995 1711 1089 1750 sacra
1119 1712 1341 1751 malentibus

238 1779 423 1828 adscripti.
478 1779 575 1817 Hinc
600 1780 693 1819 enim
716 1789 795 1818 orta
817 1789 872 1818 est
892 1780 1109 1828 necessitas,
1137 1781 1337 1822 doctrinam

242 1849 280 1890 in
310 1848 417 1887 sacris
444 1849 548 1886 libris
571 1849 615 1887 de
640 1859 799 1897 utroque
819 1850 893 1888 ritu
921 1851 1114 1898 traditam,
1143 1851 1251 1890 latius
1280 1863 1340 1889 ex·

240 1918 397 1967 plicandi
428 1930 468 1956 ac
497 1918 708 1966 diligentius
735 1918 966 1958 defendendi.
1019 1920 1106 1970 Qua
1130 1922 1174 1959 de
1200 1932 1238 1958 re
1269 1932 1343 1959 me·

242 1987 330 2026 mini
357 2000 413 2025 me
439 1988 556 2026 dicere
575 2017 588 2034 ‚
617 1989 717 2028 Sect.
742 1989 772 2026 I.
806 1989 941 2027 Partic.
977 1990 1093 2039 1.§§.
1126 2003 1191 2030 10.
1216 2000 1252 2028 et
1283 2001 1341 2038 14.

244 2059 378 2097 Altera
406 2059 516 2095 estin
540 2058 790 2105 ratione,qua
822 2058 989 2096 doctrina
1007 2086 1020 2105 ‚
1046 2059 1090 2097 de
1114 2059 1221 2097 sacris
1245 2060 1343 2097 lava-

240 2128 351 2166 tionis
375 2139 410 2165 εἰ
434 2129 530 2175 epuli
557 2140 574 2165 a
597 2128 751 2167 Christo
774 2127 929 2166 instituti
952 2128 1083 2166 ritibus
1103 2156 1116 2176 .,
1139 2128 1229 2166 tradi
1255 2127 1341 2168 olim

243 2197 376 2235 linem
390 2227 399 2243 ⁷
418 2196 583 2246 usurpati
601 2199 923 2235 sacramentorum
948 2199 1206 2247 appellatione.
1238 2198 1341 2248 Quae

1266 2276 1347 2314 qut-
