1487 2703
493 90 926 144 J‘URIDICA.
1227 96 1270 130 μ

164 214 295 253 potest
340 211 583 248 contractus,
619 201 685 249 qui
723 200 864 238 nullum
905 195 1015 234 habet
1056 193 1299 243 ‹Ji-flectuum„¹>

162 286 286 324 neque
311 286 355 313 eo
393 273 515 312 minus
549 281 584 309 et
621 272 694 309 hoc
727 268 924 308 essentiale
965 263 1185 311 requisitum
1220 262 1287 300 di-v

161 346 275 384 citur.
301 365 358 374 --
383 344 464 381 Nec
498 342 657 386 mirum,
687 351 801 386 quum
835 338 923 375 haec
952 335 1032 382 ipsa
1063 334 1110 370 sit
1138 333 1287 383 horum]

163 413 427 462 requisitorum
460 420 613 458 natura,
644 409 771 457 quod,
797 407 842 444 iis
876 403 1161 449 deficientibus,
1183 386 1293 439 con--

163 492 303 523 tractus
336 491 494 530 nequeat
529 479 699 528 cogitari.
741 499 794 508 —
840 477 891 515 Et
928 474 1030 523 quod
1065 473 1172 521 etde
1205 471 1299 512 οἱ»,

161 554 260 603 jecto
284 562 321 591 et
350 553 395 591 de
420 562 529 591 causa
559 549 677 589 sectio
707 548 745 585 in
774 546 914 585 Codice
935 542 1168 588 inveniatur,
1195 551 1272 578 non

164 635 210 663 eo
238 624 391 673 proprie
422 622 604 671 pertinet,
641 629 683 657 ut
712 616 856 656 articuli
884 617 996 654 1108.
1027 613 1161 651 veritas
1188 623 1291 661 pro-³

164 695 287 734 betur.
342 694 466 742 Hujus
509 699 629 728 autem
671 687 765 726 ratio
805 687 894 724 haec
933 692 1074 720 tantum
1111 691 1190 727 est,
1233 689 1300 730 ut:

161 765 208 802 iis
230 765 387 815 (regulae
422 762 633 809 generales,
677 769 769 805 quae
802 756 839 792 in
875 764 1116 801 quocumque
1147 762 1298 799 proce-.

163 832 258 872 dunt
293 838 511 876 contractu,
541 827 866 876 praeciperentur,
897 833 932 860 et
959 823 1013 860 sic
1052 822 1278 872 evitarentur

162 900 378 949 frequentes
421 898 692 948 repetitiones,
743 897 830 933 dun]
877 905 946 939 ea,
1002 903 1096 940 quae
1137 891 1279 928 ratione

163 972 428 1009 nonnullorum
459 977 717 1006 contractuum
746 965 907 1013 propria,
930 962 1092 1007 habent,
1140 950 1296 998 insere-¹.

164 1050 292 1080 rentur
317 1041 353 1078 in
379 1041 510 1086 locos,
539 1037 602 1086 qui
633 1039 678 1074 de
712 1035 870 1083 singulis
896 1033 997 1070 hisce
1021 1039 1148 1079 agunt.

214 1112 403 1151 Praeterea
440 1109 503 1148 Cl.
548 1105 803 1146 Ernstius
844 1103 927 1140 inde
972 1101 1073 1139 aliud
1109 1099 1155 1137 ad
1194 1110 1279 1136 cau-

166 1193 244 1220 sam
275 1177 514 1228 obligationis
549 1175 784 1225 rejiciendam
829 1172 961 1220 repetit
994 1178 1277 1219 argumentum,

165 1252 267 1298 quod
292 1249 494 1287 secundum
519 1257 601 1284 eum
619 1273 631 1292 ,
660 1255 781 1290 neque
815 1243 852 1279 in
877 1242 988 1280 titulo
1004 1269 1016 1285 .,
1043 1239 1086 1277 de
1115 1238 1280 1276 donatio-

165 1321 295 1367 nibus,
322 1329 444 1365 neque
475 1317 512 1354 in
550 1314 705 1354 diversis
730 1312 874 1358 titulis,
903 1311 967 1348 ubi
999 1311 1043 1347 de
1080 1307 1281 1346 contracti-

166 1391 238 1431 bus
275 1389 448 1428 onerosis
488 1386 632 1434 agitur,
676 1385 720 1422 de
749 1395 789 1420 ea
823 1382 976 1420 verbum
1026 1381 1167 1417 dicatur
1186 1380 1277 1426 (Ι).

167 1460 476 1508 Respondemus,
499 1456 536 1493 in
560 1454 731 1504 pluribus
756 1453 890 1490 horum
920 1451 1068 1498 quidem
1084 1450 1277 1486 titulorum

169 1541 300 1569 causae
344 1527 568 1565 mentionem
615 1535 692 1561 non
739 1522 845 1569 fieri,
900 1522 1011 1570 hujus
1059 1528 1179 1558 autem
1228 1520 1282 1556 rei

169 1599 347 1637 rationem
395 1597 479 1634 inde
527 1606 609 1632 esse
654 1593 917 1641 repetendam,
972 1591 1075 1639 quod
1120 1590 1158 1627 in
1206 1589 1294 1635 iis,

168 1677 312 1717 praeter
342 1667 486 1714 regulas
518 1665 703 1713 generales
736 1663 892 1700 articulo
921 1672 1179 1711 ,113¹*1133-
1207 1670 1280 1696 sta·

169 1747 292 1784 tutas,
344 1738 388 1774 de
421 1748 460 1773 ea
489 1734 721 1783 peculiariter
767 1733 859 1769 nihil
898 1731 1179 1770 observandum·
1204 1730 1279 1776 sit,

169 1809 337 1854 adeoque
366 1817 415 1855 ‚ne
445 1814 534 1842 tunc
563 1803 711 1851 quidem
748 1802 890 1850 aliquid
929 1801 1127 1851 probaret,
1168 1800 1199 1837 si
1236 1800 1284 1838 de

167 1877 345 1919 omnibus
376 1875 497 1913 titulis
522 1875 594 1912 hoc
631 1885 760 1911 verum
784 1881 904 1919 esset,
931 1872 1032 1919 quod
1053 1860 1174 1908 tamen
1200 1872 1282 1912 lon-

173 1961 218 1998 ge
251 1948 378 1986 abesse
413 1945 612 1983 credimus.
653 1967 703 1974 —-
740 1944 836 1981 Nam
870 1941 1211 1989 dedonationibus
1235 1940 1293 1987 'in-

177 2019 300 2068 specie
332 2019 404 2055 hoc
432 2027 632 2064 negamus,
661 2026 736 2060 quo
761 2014 897 2058 titulo,
925 2013 993 2049 etsi
1020 2022 1188 2061 expresse
1211 2011 1282 2046 hoc

1204 2091 1281 2117 non

188 2198 190 2201 .
211 2172 263 2217 (9
286 2172 319 2199 1..
341 2172 363 2199 1.
387 2179 450 2205 pag.
477 2179 532 2206 254
553 2176 582 2197 et
604 2178 670 2203 255.

689 2226 722 2263 D
751 2236 771 2261 α
