1544 2693
266 162 323 207 56
476 161 656 206 HERM.
688 159 813 205 JOH.
845 160 1162 205 ROYAARDS

265 311 347 350 na,
373 296 479 340 duce
510 295 726 340 Catechesi
753 294 942 338 Palatina
976 295 1216 354 exponitur,
1249 310 1372 351 quam

265 382 318 426 de
353 397 431 425 usu
473 381 560 438 ejus
600 379 830 438 symbolico
879 387 1072 437 egerunt,
1108 386 1147 423 et
1183 378 1374 422 oratione

264 465 398 510 minus
435 465 543 508 bene
570 463 717 507 Latina
735 494 746 515 ‚
775 471 1061 520 argumentum
1086 469 1334 507 tractarunt.

321 547 585 607 Praeplacuit
601 549 721 605 longe
737 546 873 605 prima
892 546 1154 604 Disputatio,
1172 547 1238 591 cui
1257 561 1374 605 sym-

262 633 405 677 bolum
440 630 628 690 Popii:
670 634 736 673 W
735 633 817 674 hat
843 647 948 674 ever
976 633 1015 672 is
1030 661 1043 683 ,
1085 633 1124 672 is
1149 632 1293 685 right.
1317 653 1376 665 -

265 716 466 774 Quamvis
504 715 612 760 enim
654 716 697 759 in
739 730 786 759 ea
823 729 907 758 non
952 715 1112 772 singula
1150 714 1374 773 probanda

262 800 501 853 videantur,
526 815 617 843 eam
645 806 785 842 tamen
814 799 981 857 dignam
1002 798 1199 855 judicavit
1225 798 1375 851 Ordo,

264 898 370 941 quae
409 897 535 927 aureo
555 882 742 941 praemio
768 883 1134 926 condecoraretur.

320 968 480 1025 Aperta
507 966 732 1018 schedula,
767 981 916 1010 nomen
948 966 1045 1010 exiit
1080 992 1083 994 -

527 1073 756 1118 Nicolai
797 1088 901 1116 van
943 1073 1118 1132 Wijk,

580 1157 698 1187 Theoi.
718 1157 809 1188 caud.
829 1158 863 1187 in
884 1157 942 1188 hac
963 1157 1063 1187 Acad.

316 1249 400 1306 Qui
440 1248 629 1292 instituta
668 1248 951 1307 probatione,
996 1255 1143 1292 auctor
1188 1247 1265 1292 fuit
1306 1263 1378 1292 re·-

262 1332 492 1377 nunciatus.

319 1474 535 1518 Escendas
563 1474 646 1524 ita,
683 1473 1039 1531 praestantissime
1069 1486 1171 1515 van
1204 1471 1376 1529 Wijk,

262 1572 385 1614 quem
427 1556 675 1615 discipulum
708 1555 912 1599 habemus
943 1555 1216 1600 carissimum.
1284 1555 1377 1598 Au-

261 1657 354 1685 rum
388 1641 555 1700 accipe!
597 1639 794 1683 Laudasti
834 1654 1089 1698 proavorum
1119 1639 1374 1691 institutum,

261 1725 376 1782 quod
415 1725 604 1768 intimam
648 1724 775 1767 refert
816 1723 1026 1781 pietatem.
1107 1722 1173 1766 Tu
1217 1736 1381 1780 prope-

261 1809 368 1853 diem
400 1809 534 1853 Sacro
562 1807 969 1860 muneri‘admotus,
1010 1821 1134 1863 quam
1168 1820 1264 1851 vere
1303 1820 1381 1849 ex-

259 1893 411 1951 pressit
442 1891 681 1937 Catechesis
715 1890 948 1934 doctrinam
977 1890 1099 1934 Sacri
1125 1889 1293 1933 Codicis
1319 1888 1379 1932 ita

262 1983 430 2029 tueare,
472 1983 519 2019 ut
553 1974 699 2019 mediis
729 1975 774 2017 in
810 1974 949 2018 litibus
988 1973 1170 2017 medium
1209 1981 1382 2026 teneas,

261 2073 424 2103 memor
449 2058 556 2102 illius
581 2057 828 2102 sententiae:
889 2061 949 2100 In
976 2059 1250 2100 necessariis
1276 2058 1383 2100 uni-

265 2153 362 2195 tas,
394 2145 441 2184 in
473 2159 558 2184 non
589 2144 860 2184 necessariis
893 2143 1113 2194 libertas,
1158 2144 1204 2183 in
1234 2143 1382 2183 omni-

260 2230 341 2269 bas
371 2229 628 2281 prudentia
659 2235 702 2267 ec
736 2228 926 2269 caritas.

1540 0 1544 152 ς

1539 153 1544 319 ἱ
