1487 2703
506 148 943 197 JURIDICA.
1216 166 1266 202 γι

153 255 328 301 creditori
368 256 460 294 nihil
494 256 637 296 facilius
672 258 745 305 sit,
774 270 886 306 quam,
915 260 1075 308 probare
1097 273 1268 309 causam,

152 325 186 364 si
212 337 337 364 revera
368 326 514 364 existat.

176 395 356 439 ,Accedit
385 396 545 445 denique
569 397 671 435 huic
709 398 898 436 doctrinae
936 400 1137 439 auctoritas
1172 403 1265 451 juris

148 464 334 513 Romani,
362 466 469 515 cujus
504 466 674 514 quamvis
710 468 832 506 omnis
861 469 917 507 vis
944 471 1038 517 legis
1066 471 1099 507 ei
1125 473 1266 511 ademta

145 533 196 572 sit
210 562 224 582 ,
239 543 361 572 tamen
373 564 386 582 ,
400 535 531 574 ceteris
545 536 720 585 paribus,
732 548 926 586 praecepta
937 541 1114 579 servanda
1126 569 1139 588 ‚
1154 554 1264 591 quam

144 605 360 653 negligenda
375 606 525 654 potius,
541 615 729 654 putamus.
746 608 903 646 Audiam
912 620 954 647 us
965 610 1156 650 Paulum
1170 613 1260 662 (1):

148 703 173 721 „
199 674 266 713 Sin
295 684 415 713 autem
443 675 566 713 cautio
593 676 757 715 indebite
786 679 955 726 exposita
980 691 1062 717 esse
1093 681 1262 729 dicatur,

146 753 233 793 „et
258 745 456 783 indiscrete
484 746 684 793 loquitur,
707 755 796 783 tunc
826 758 937 793 eum,
966 748 1005 786 in
1032 761 1141 796 quem
1175 762 1262 789 cau-

145 840 170 862 „
196 814 249 851 tio
279 815 448 862 exposita
471 825 526 852 est
541 843 555 862 ‚
579 816 782 864 compelli,
811 817 976 856 debitum
1001 829 1083 857 esse
1099 847 1114 867 9
1135 830 1261 859 osten—

144 909 170 930 „
194 883 308 930 dere,
336 884 439 932 quod
460 884 498 922 in
515 885 725 924 cautionem
751 887 928 925 deduxit:
956 887 1030 926 nisi
1058 890 1143 937 ipse
1176 902 1260 940 spe·

141 980 167 1000 ,‚
191 952 359 1000 cialiter,
401 954 466 1000 qui
501 955 710 993 cautionem
738 957 939 1005 exposuit,
964 969 1094 997 causas
1129 962 1259 1009 expla-

143 1050 168 1070 ‚‚
194 1023 324 1070 navit,
352 1035 420 1071 pro
447 1024 585 1072 quibus
609 1026 732 1064 eadem
761 1027 1002 1076 conscripsit.
1032 1028 1143 1068 Tunc
1159 1031 1256 1069 enim

143 1120 168 1139 „
193 1101 289 1130 stare
315 1104 397 1131 eum
430 1103 579 1141 oportet
613 1107 700 1134 suae
721 1097 978 1137 confessioni:
1007 1099 1081 1138 nisi
1105 1100 1257 1139 eviden-

142 1191 166 1211 „
191 1161 346 1200 tissimis
381 1163 668 1211 probationibus
701 1165 740 1203 in
771 1167 922 1215 scriptis
958 1169 1095 1207 habitis
1130 1179 1256 1209 osten·

136 1261 161 1281 „
176 1233 272 1270 ⁴dere
299 1241 449 1280 paratus
477 1233 553 1280 sit,
583 1245 663 1271 sese
682 1235 769 1272 haec
794 1236 959 1276 indebite
980 1239 1215 1286 promisisse.
1228 1241 1253 1257 ‘’

185 1302 315 1348 Atque
347 1302 414 1339 hae
449 1311 537 1340 sunt
570 1305 789 1352 praecipuae
826 1306 1014 1354 rationes,
1054 1319 1148 1354 quae
1181 1319 1252 1347 nos

136 1371 380 1420 procliviores
404 1371 571 1410 fecerunt
599 1374 643 1411 ad
664 1375 981 1413 Durantonis
1011 1377 1252 1425 sententiam,

137 1453 246 1489 quem
292 1441 399 1479 etiam
440 1453 650 1489 sequuntur
688 1444 723 1481 D
738 1445 1080 1488 elvincurtius
1108 1448 1178 1499 (2)
1215 1458 1250 1486 et

137 1512 346 1549 Zachari
365 1514 386 1549 ὲὶ
410 1511 495 1561 (3).

198 1582 297 1620 Cum
341 1581 643 1619 Toullierio
697 1592 817 1622 autem
868 1584 959 1623 facit
1008 1587 1249 1627 Malevil-

133 1650 239 1688 lius
258 1679 271 1697 ‚
298 1661 418 1697 certe,
458 1652 490 1688 si
529 1664 611 1689 reus
650 1655 765 1702 major
798 1653 873 1701 sit,
912 1666 995 1693 nam
1032 1657 1127 1695 inter
1163 1670 1245 1698 eum

130 1729 167 1759 et
204 1721 382 1759 minorem
411 1721 606 1770 distinguit
634 1722 718 1771 (4).
772 1724 947 1762 Attamen
973 1725 1118 1765 dicatur
1141 1730 1247 1767 venia

1177 1798 1246 1836 viri

169 1868 223 1903 (ι)
244 1870 278 1895 lu
297 1867 362 1901 lege
378 1867 472 1895 XXV.
490 1862 520 1903 ξ.
541 1877 572 1904 4.
595 1869 632 1895 de
649 1868 739 1903 prob.
765 1875 797 1897 et
820 1877 1004 1906 praesumt„
1029 1872 1064 1900 ad
1091 1881 1178 1907 quam
1194 1876 1244 1905 Cf.

129 1922 361 1958 Dionysius
385 1924 676 1954 Gothofredus.
719 1925 863 1953 Ceterum
888 1927 1032 1956 addantur
1052 1929 1103 1957 hic
1119 1930 1248 1960 omnino*

130 1980 223 2009 verba
240 1982 332 2014 ampl.
356 1981 379 2008 B
392 1982 478 2014 igot
499 1981 767 2017 Preameneu‚
786 1986 1026 2020 supraallegata‚
1040 1987 1070 2021 Q.
1086 1994 1115 2016 ι.
1130 1996 1198 2024 cap.
1213 1998 1240 2018 α.

167 2039 223 2074 (2)
244 2039 281 2067 L.
302 2039 324 2066 1.
348 2046 415 2073 pag.
442 2046 507 2067 120.
639 2084 643 2088 μ

165 2093 221 2131 (3)
240 2093 289 2122 Ad
304 2093 396 2122 finem
413 2093 528 2122 laudati
549 2090 579 2130 §.

167 2151 220 2189 (4)
240 2152 274 2181 L.
295 2153 318 2180 1.
338 2153 374 2180 ad
393 2158 448 2185 art,
469 2159 558 2186 1131·
582 2153 609 2180 A
626 2159 727 2181 nostra
745 2153 892 2188 opinione
918 2154 1009 2182 etiam
1035 2155 1173 2185 dissentit
1193 2159 1241 2187 Ct.

126 2209 346 2243 Sandberg,
374 2210 445 2237 1.1.
475 2217 541 2244 pag.
569 2218 619 2244 27.
658 2217 766 2244 seqq.,
803 2210 854 2245 qui
888 2219 956 2239 cum
991 2212 1238 2244 Toullierio

129 2273 205 2293 onus
228 2265 374 2300 probandi
390 2265 522 2295 debitori
540 2267 651 2295 desert.
694 2266 836 2302 Denique
859 2268 1034 2297 ineandem
1059 2271 1238 2301 sententiam

1159 2329 1237 2362 judi-
