1544 2693
428 171 1028 218 THEOLOGICA.
1233 186 1283 231 67

652 323 691 370 g.
745 335 783 360 2.

224 462 432 502 Laudatur
456 466 521 503 hoc
545 467 752 515 institutum
766 496 780 515 ,
803 480 959 521 propter
984 473 1185 512 utilitatem
1199 500 1216 525 ,

561 548 672 586 quam
696 539 863 588 praebet.

210 688 402 738 Propofitfi
437 692 595 731 instituti
632 695 803 744 radone,
848 699 1053 746 periculum
1091 701 1269 744 faciamus

159 757 261 796 illius
297 768 334 797 et
357 761 554 809 laudandi,
581 763 620 809 §.
648 774 762 813 3—5.
789 775 825 805 et
851 778 872 805 a
904 768 1178 818 vituperatione
1207 775 1271 813 de·

159 824 357 874 fendendi,
385 828 422 874 §.
451 832 489 868 6.

211 896 457 937 Laudandum
496 900 590 940 illud
625 902 813 951 dicimus,
854 915 1008 955 propter
1045 908 1272 959 utilitatem,

162 976 271 1012 quam
310 969 488 1017 praebet,
537 973 700 1022 primum
733 973 891 1023 singulis
924 977 1096 1016 coetibus
1127 991 1273 1018 eorum-

164 1045 239 1081 que
273 1036 383 1075 sociis
417 1049 452 1077 et
482 1041 661 1089 alumnis,
689 1043 726 1090 §.
759 1056 796 1092 3.
822 1044 952 1084 deinde
985 1047 1174 1087 universae
1197 1051 1271 1089 Ec·-

161 1103 312 1156 clefiae,
339 1105 374 1154 §.
402 1120 443 1156 4.
470 1108 625 1160 denique
645 1111 731 1159 ipfis
759 1114 983 1163 Homiletis,
1011 1113 1045 1163 §.
1075 1126 1114 1164 5.

213 1175 276 1214 Ne
309 1187 396 1214 vero
429 1177 467 1215 in
504 1180 684 1218 laudando
715 1183 820 1221 nimii
852 1184 1068 1234 videamur,
1096 1191 1275 1229 nonnulla

164 1256 272 1286 erunt
308 1250 602 1296 praemonenda:
641 1253 832 1302 primum,
872 1254 918 1292 de
951 1256 1064 1294 modo
1101 1257 1273 1298 utilitatis

166 1316 416 1365 praebendae3
463 1319 654 1368 alterum,
694 1322 739 1360 de
766 1323 840 1370 iis,
880 1326 945 1371 qui
976 1337 1055 1364 eam
1081 1328 1272 1377 percipere

163 1386 326 1435 posfint3
354 1389 533 1436 tertium,
560 1391 605 1428 de
630 1399 838 1440 temporum
868 1397 1173 1446 opportunitate,
1200 1410 1268 1438 cu-

162 1456 224 1496 ius
256 1458 420 1496 habenda
447 1458 491 1496 fit
519 1460 630 1500 ratio.

213 1527 376 1579 Primum
405 1528 520 1576 igitur
545 1537 622 1568 tota
646 1530 803 1570 instituti
829 1534 969 1572 utilitas
1001 1547 1168 1586 magnam
1191 1547 1274 1586 par-

165 1605 238 1634 tem
278 1598 414 1645 pendet
448 1609 468 1635 e
501 1599 624 1647 modo,
669 1612 745 1648 quo
776 1602 868 1641 illud
902 1612 1062 1644 tenetur.
1141 1608 1275 1647 Prouti

167 1664 259 1701 enim
297 1665 390 1702 nihil
431 1674 488 1703 est
523 1667 562 1704 in
597 1668 709 1707 rebus
760 1671 929 1710 humanis
969 1676 1194 1722 praeclarum
1235 1687 1274 1716 et

164 1732 333 1780 salubre,
362 1723 466 1782 qu‘od
491 1747 568 1774 non
596 1738 700 1787 saepe
734 1740 866 1781 inutile
902 1744 989 1791 fiat,
1018 1746 1200 1786 interdum
1236 1756 1275 1787 et

165 1813 321 1851 noceat,
350 1804 376 1842 fi
397 1817 587 1855 perperam
621 1810 863 1859 adhibeatur,
890 1814 939 1852 ita
966 1815 1073 1854 etiam
1099 1828 1119 1854 e
1141 1826 1274 1857 nostro

165 1872 334 1912 instituto
369 1876 501 1923 exigua
540 1881 607 1917 -vel
642 1882 744 1919 nulla
790 1883 958 1930 prodibit
995 1886 1159 1934 utilitas,
1206 1888 1275 1927 nifi

165 1943 203 1981 id
247 1944 346 1984 iusta
380 1947 546 1996 ratione,
592 1950 664 1988 hoc
702 1961 782 2000 est,
832 1955 921 2001 pie,
970 1955 1132 2003 fincere‚
1186 1969 1278 2006 pru-

168 2014 321 2063 denter,
374 2017 599 2067 liberaliter,
651 2030 737 2069 apte
790 2025 836 2062 ad
887 2025 1114 2064 audientium
1175 2039 1278 2066 com·

169 2085 347 2133 modum,
400 2096 580 2128 teneatur.
648 2089 763 2141 Quod
793 2092 859 2130 nifi
896 2093 983 2141 fiat,
1039 2098 1125 2142 plus
1156 2109 1200 2134 ex
1229 2109 1274 2136 eo

169 2154 375 2194 detrimenti
406 2160 670 2207 metuendum,
712 2174 820 2209 quam
855 2165 1094 2203 emolumenti
1129 2165 1275 2214 sperana

171 2224 256 2263 dum
290 2226 391 2276 esse,
420 2229 506 2268 mihi
544 2230 759 2278 persuadeo,
812 2233 963 2281 Itaque,
994 2233 1032 2272 in
1063 2236 1164 2274 omni
1200 2237 1277 2275 lau-

691 2302 723 2339 E
754 2315 776 2340 2
1222 2306 1284 2344 da-
