1544 2693
378 198 975 241 THEOLOGICA..
1163 208 1233 249 129

176 313 340 364 Spiritus
360 309 516 357 sanctus
532 338 545 357 ,
584 309 678 348 idem
708 309 773 358 qui
798 309 963 361 Spiritus
988 307 1052 358 (0)
1079 308 1154 346 Dei
1177 309 1232 357 (r.

127 385 164 421 8.
196 394 282 431 123.
315 380 425 429 127.)
452 389 487 418 et
520 379 595 431 (p)
633 379 797 427 Christi,
833 381 888 428 (r.
921 392 955 418 1.
986 391 1048 428 54.
1077 379 1139 428 69.
1166 391 1233 427 qu.

132 462 195 498 70.
211 461 275 499 71.
293 462 324 490 r.
341 450 430 498 73.)
457 459 508 489 est
534 449 601 499 (q)
627 461 736 488 verus
757 458 792 487 et
811 458 1024 488 coaeternus
1034 449 1137 488 Deus
1151 461 1234 488 cum

130 521 251 558 Patre
278 529 314 558 et
342 520 454 558 Filio.
484 521 537 570 (r.
566 519 657 568 53.)
693 518 856 571 Spiritus
875 518 1004 566 sancti
1029 522 1238 571 operatione

130 591 207 630 Dei
235 591 357 628 Filius
389 591 591 628 humanam
620 599 799 628 naturam
829 589 1008 640 assumstt.
1054 591 1109 639 (r.
1151 591 1238 640 35.)

131 658 190 698 Eo
221 667 350 698 unctus
383 668 436 696 est
470 658 654 696 Christus.
691 658 749 707 (r.
788 658 875 707 31.)
922 659 991 696 Ille
1021 661 1061 696 in
1094 660 1241 698 Christo

131 729 293 768 habitat.
319 733 373 776 (r.
396 727 486 776 76.)
512 728 629 766 Nobis
651 727 758 765 etiam
784 729 989 777 nostrisque
1010 728 1135 766 liboris
1157 740 1245 779 pro·

130 800 313 837 mittitur.
355 799 408 847 (r.
448 796 538 846 74.)
585 799 620 836 A
665 798 785 835 Patre
818 798 962 836 coelesti
989 799 1243 850 implorandus

130 876 198 906 cst.
227 870 281 917 (r.
314 877 399 915 115.
432 866 546 916 116.)
572 867 708 906 Datur
738 867 863 915 nobis,
891 867 944 917 (r.
972 870 1061 918 53.)
1099 869 1246 908 Christo

134 950 215 976 eum
242 939 287 976 de
309 938 415 975 coelo
441 938 507 986 (r)
542 939 722 976 mittente.
773 939 827 984 (r.
868 936 961 986 49.)
1009 938 1248 988 Quapropter

139 1019 207 1056 ea,
236 1004 329 1055 quae
361 1009 526 1058 Spiritus
557 1007 657 1056 agit,
685 1007 897 1056 promiscue
927 1007 1100 1047 dicuntur
1123 1021 1144 1047 a
1168 1009 1248 1048 Deo

136 1088 172 1116 et
194 1079 339 1118 Christo
357 1087 436 1116 acta
455 1089 526 1130 per
550 1077 748 1126 Spiritum.
788 1079 843 1128 (r.
874 1090 937 1126 53.
967 1090 1032 1127 73.
1064 1091 1150 1127 127.
1176 1080 1251 1128 al.)

137 1149 212 1189 Hic
243 1149 357 1197 igitur
389 1147 489 1186 docet
515 1156 600 1195 nos,
628 1148 774 1198 loquens
805 1148 843 1185 in
872 1147 977 1185 libris
1006 1148 1129 1188 sacris.
1158 1149 1249 1197 (qn.

137 1228 175 1257 et
209 1231 241 1256 r.
271 1230 335 1268 73.
365 1218 450 1256 item
483 1217 543 1266 (s)
576 1229 608 1256 r.
638 1217 728 1265 78.)
767 1217 842 1255 Per
875 1216 1127 1268 Euangelium
1156 1218 1254 1256 eius-

142 1300 215 1338 que
239 1288 579 1340 praedicationem,
618 1286 730 1335 fidem
770 1286 961 1326 salutarem
992 1289 1096 1338 efficit
1126 1296 1163 1326 et
1191 1290 1253 1338 (t)

1184 1371 1247 1396 ac-

179 1476 230 1513 (o)
251 1477 346 1511 Resp.
370 1479 397 1505 8.
419 1476 482 1505 Lat.
505 1477 659 1512 spiritum
677 1478 837 1505 Sanctum.
860 1477 963 1506 Germ.
987 1477 1042 1505 den
1070 1478 1159 1505 Geist
1182 1478 1255 1504 Got-

143 1527 196 1563 νει.
217 1534 301 1568 Belg.
323 1534 378 1562 den
399 1534 508 1561 Gheese
529 1534 617 1562 Gods.
640 1534 736 1568 Resp.
755 1541 819 1568 127.
843 1534 909 1562 Lat.
933 1535 1072 1570 Spiritus
1083 1535 1143 1562 ni.
1155 1536 1258 1564 Germ.

141 1591 244 1618 deines
261 1591 396 1627 heiligen
417 1592 548 1619 Geistes.
572 1591 654 1625 Belg.
678 1599 756 1618 uwes
775 1590 934 1626 heyltghen
958 1592 1111 1620 Gheestes.

183 1649 245 1686 (p)
262 1649 356 1683 Resp.
380 1656 405 1676 1.
426 1648 495 1676 Lat.
512 1648 568 1682 suo
589 1649 726 1683 Spiritu.
751 1649 854 1676 Germ.
877 1648 972 1676 durch
986 1649 1094 1683 feinen
1122 1648 1257 1684 heiligen

153 1706 254 1734 Gefst.
275 1707 359 1739 Belg.
378 1705 450 1733 door
462 1705 553 1740 synen
575 1705 712 1740 heyligen
734 1705 856 1733 Gheest.

188 1761 240 1799 (q)
259 1763 355 1796 Resp.
385 1771 433 1796 53.
468 1763 571 1790 Germ.
600 1762 701 1798 gleich
737 1763 850 1798 συνίζει·
887 1763 962 1790 Gon
987 1763 1045 1789 mit
1071 1761 1134 1788 dem
1162 1761 1260 1788 Vaser

148 1819 209 1848 vml
236 1818 297 1846 dem
325 1820 396 1848 Son.
419 1820 503 1853 Belg.
525 1819 549 1846 ’t
569 1820 673 1853 samen
699 1825 757 1846 met
783 1819 838 1847 den
865 1818 965 1846 Vader
989 1819 1062 1846 ende
1090 1818 1144 1845 den
1165 1819 1260 1851 Sane,

148 1884 201 1904 een
228 1876 338 1904 eewn'ch
367 1877 443 1905 God.
465 1877 550 1906 Conf
578 1876 674 1912 dicta,
698 1877 736 1905 de
754 1877 821 1904 Deo
846 1877 955 1910 Patre,
980 1875 1059 1904 Filio
1087 1882 1118 1903 et
1146 1875 1260 1910 Spiritu

149 1935 277 1968 Sancto,
300 1931 327 1970 §.
349 1943 374 1962 2.
396 1941 461 1968 pag.
492 1941 557 1963 111.

172 1989 240 2025 ·(r)
259 1990 352 2025 Resp.
372 1999 421 2026 49.
444 1990 514 2019 Lar.
537 1991 654 2019 mittit.
678 1991 781 2018 Germ.
803 1991 897 2017 herah
910 1989 1027 2026 sendee.
1050 1987 1259 2022 Belg.s'endet.

189 2045 238 2084 (s)
257 2048 343 2085 Quae
360 2047 390 2075 in
408 2048 470 2075 Lat.
488 2047 636 2075 habentur
652 2054 733 2080 resp.
752 2051 803 2082 78.
823 2053 853 2073 et
879 2046 991 2081 usstam
1016 2046 1157 2081 Spiritui
1170 2043 1263 2077 sanc-

156 2110 185 2131 to
201 2104 236 2132 do
254 2105 301 2131 his
322 2103 464 2139 loquendi
484 2103 607 2140 forma,
629 2111 690 2132 non
707 2103 855 2131 habentur
872 2103 902 2130 in
921 2103 1023 2131 Germ.
1048 2109 1096 2129 aut
1115 2101 1199 2133 Belg-

188 2158 236 2197 (t)
257 2161 351 2196 Resp.
374 2169 425 2190 21.
449 2161 551 2189 Germ.
581 2161 614 2187 in
639 2161 702 2187 mir
731 2160 880 2188 wiircket.
913 2160 997 2193 Belg.
1028 2161 1059 2185 in
1087 2168 1128 2192 my
1154 2164 1261 2185 wer-ct.

150 2216 246 2250 Resp.
267 2219 314 2251 65.
337 2219 441 2247 Germ.
463 2218 584 2245 wiirckt
602 2218 634 2245 in
651 2204 919 2251 vnserntzcrfzen.
943 2216 1015 2250 Belg
1047 2214 1158 2242 »νει-(ἂι
1170 2215 1201 2241 in
1215 2220 1264 2241 ont

154 2271 252 2301 beree.

698 2336 715 2373 I
