1487 2703
219 174 265 209 30
437 159 1095 198 COMMENTATIO

219 281 261 305 ex
288 268 437 317 scriptis
461 267 701 305 Putschii
726 275 896 316 excerpta
921 268 1107 315 dicerem,
1136 268 1174 306 in
1198 268 1326 318 Ephe-

214 339 415 377 meridibus
454 338 725 376 Germanorum
763 349 857 385 quae
889 338 965 376 vidi
985 366 998 381 ‚
1038 349 1206 386 quaeque
1238 350 1325 387 par·

206 412 272 448 tim
317 409 362 446 ab
402 417 552 445 auctore
590 406 879 455 Ephemeridum
918 407 1216 456 TraJ'ectinorum
1259 409 1322 446 de-

209 488 331 517 sumta
367 477 540 515 videntur
573 478 721 524 addam3
761 477 930 524 Solam,
961 478 1114 524 dicunt,
1148 487 1231 516 ante
1257 489 1322 515 an-

206 561 295 588 num
335 550 430 593 1651
470 548 638 585 Berolc'm'
677 546 853 594 fuerunt,
895 548 967 585 Fr.
1012 547 1321 587 Guilielmus

203 620 236 657 Ι.
265 620 347 656 Rex
378 618 631 656 Borussorum
655 629 695 654 ea
729 617 926 664 adhibuit,
954 625 996 654 ut
1020 618 1058 654 in
1083 617 1319 656 Nosocomio

209 691 248 727 la
284 690 435 727 charite
471 695 694 726 sustentaret
721 686 852 735 inopes
880 696 915 724 et
951 697 1109 734 aegros,
1136 695 1248 735 atque
1282 698 1324 725 ea

205 760 244 796 in
279 759 526 796 Pomeraniam
562 758 749 806 inportare
784 766 942 796 conatus
963 766 1049 804 est,
1076 759 1142 796 sed
1176 757 1324 796 incolo-

204 830 319 866 larum
354 827 585 876 praejudiciis
617 827 693 864 vim
728 838 897 866 exercere
931 837 1085 865 coactus
1111 828 1209 873 fuit,
1236 839 1320 866 ver-

206 899 318 945 bique
354 897 483 936 Divini
518 896 783 944 interpretibus
821 897 1029 945 imposuit,
1058 905 1100 934 ut
1138 899 1244 935 etiam
1278 899 1323 936 de

204 967 363 1004 utilitate
393 967 616 1005 Solanorum
642 966 755 1004 verba
780 965 941 1004 facerent
959 996 973 1014 ‚
1003 968 1068 1004 sed
1089 967 1213 1005 omnia
1241 966 1323 1005 fru-

205 1046 309 1085 stra,
337 1036 411 1074 imo
444 1044 643 1084 postquam
670 1036 749 1074 A0.
781 1046 908 1084 1744,
937 1036 1243 1075 Fredericus
1268 1037 1318 1077 II.

209 1119 326 1146 satum
343 1108 640 1145 distribuendum
656 1114 846 1144 curaverat
862 1134 875 1152 ‚
889 1105 926 1143 V
939 1117 962 1143 0
974 1117 999 1143 n
1018 1107 1042 1144 S
1056 1106 1203 1144 chlab
1217 1118 1234 1144 r
1247 1117 1324 1145 en·

200 1177 321 1216 dorf
352 1189 478 1215 comes
519 1179 556 1213 in
596 1176 726 1214 Silesia
762 1176 882 1213 adhuc
923 1176 1024 1214 omni
1063 1176 1189 1215 studio
1226 1177 1317 1224 quin

204 1257 336 1286 coactu
377 1248 422 1286 ad
453 1248 634 1285 culturam
672 1246 820 1295 impulit
854 1255 889 1284 et
930 1247 1000 1285 A0.
1040 1249 1165 1296 1763,
1203 1248 1318 1287 Fre-

202 1318 419 1356 dericus
449 1319 496 1358 ΙΙ.
530 1317 638 1355 etiam
673 1316 815 1365 J‘ussit,
857 1316 944 1354 huie
977 1317 1142 1355 culturae
1181 1317 1317 1357 milites

203 1389 418 1437 prospicere
443 1388 589 1426 debere.
618 1388 685 1437 (ι)

249 1459 434 1507 Sequatur
469 1458 605 1496 Gallia.
660 1457 783 1495 Etiam
820 1468 865 1495 ex
887 1457 996 1495 ramis
1034 1457 1221 1495 reclinatis
1245 1467 1319 1496 ter·

198 1541 313 1578 raque
347 1529 453 1567 tectis
501 1528 725 1576 Burguudos
763 1528 939 1565 Solanum
973 1527 1181 1567 tuberosum
1229 1540 1320 1577 pro·

196 1610 348 1648 pagasse
368 1626 381 1645 ‚
405 1607 517 1647 atque
534 1599 631 1647 apud
658 1598 742 1636 illos
763 1610 871 1636 usum
905 1597 1139 1636 interdictum
1169 1597 1312 1647 fuisse,

199 1670 285 1718 quia
320 1670 479 1718 Leptam
503 1669 677 1706 inducere
700 1669 936 1717 putaverint,
961 1669 1036 1717 jam
1075 1670 1175 1717 apud
1198 1669 1315 1708 Bau-

194 1742 218 1778 h
234 1741 245 1777 i
261 1751 370 1778 num
394 1740 571 1778 occurrit.
600 1740 739 1777 Eadem
758 1739 828 1778 ΑΟ.
853 1741 949 1786 1782
976 1739 1123 1787 repetiit
1143 1740 1311 1788 VVeis,

202 1813 265 1849 sed
317 1811 416 1849 addit
465 1810 683 1858 Burgandos
728 1809 825 1847 illam
866 1810 1088 1848 sententiam?
1133 1809 1310 1858 misisse,

1207 1888 1312 1928 post-

211 2020 214 2022 ’
236 2014 286 2053 (1)
306 2017 353 2044 Cf.
374 2017 522 2050 Thafir,
546 2018 624 2045 Rat.
649 2017 877 2045 Landwirtsch.
900 2019 932 2045 B.
960 2018 1014 2046 IV.
1036 2020 1062 2055 §.
1083 2027 1148 2053 272.

229 2074 316 2102 Bihl.
340 2075 426 2102 univ.
450 2073 606 2108 (Scicnccs
626 2081 657 2101 et
678 2075 764 2110 ιιι-η)
786 2076 885 2104 1816.
911 2082 977 2109 pag.
1001 2084 1068 2111 292·
1109 2076 1305 2110 Putsche,

194 2134 215 2159 l.
233 2140 259 2160 c.
278 2138 346 2165 pag.
361 2140 387 2165 3.
401 2138 430 2158 et
444 2131 531 2159 Bibl.
553 2133 637 2160 univ.
656 2130 792 2170 (agric.)
814 2139 824 2159 1
838 2135 892 2166 823
914 2139 980 2166 pag.
1007 2134 1076 2164 156.
1098 2132 1308 2162 Nieuwen·

197 2188 309 2223 huis,
329 2188 526 2224 Aanlmngsel
543 2195 603 2216 etc.
627 2188 657 2215 in
673 2196 763 2216 voce.
800 2189 853 2216 De
876 2189 1017 2224 Cloet,
1038 2191 1048 2217 l
1080 2197 1107 2218 e.
1128 2198 1194 2225 pag.
1216 2195 1265 2222 236.

235 2247 298 2271 Der
319 2245 562 2280 Korrespnndent
586 2253 615 2273 et
639 2247 834 2273 Utrechtsclzc
860 2248 1016 2280 Courunt,
1038 2248 1060 2275 l.
1081 2254 1107 2275 C.
