1487 2703
301 202 578 244 BOTANICO
591 226 605 234 -
620 205 1002 245 OECONOMICA.
1161 217 1206 255 51

91 311 122 349 ti
154 319 296 360 partem
328 312 529 360 hauriunt,
572 322 712 362 atque,
755 314 925 363 quamvis
957 324 996 352 et
1019 314 1080 352 alii
1118 315 1208 354 den·-

89 390 153 420 tur
177 380 302 420 fontes
319 410 332 430 ,
361 382 400 420 hi
435 383 602 422 sufficere
637 395 715 422 non
745 384 940 432 videntur,
967 392 1010 422 ut
1033 395 1207 432 assequa-

88 462 172 489 mur
221 451 336 499 illos,
386 453 451 500 qui
483 462 691 491 statuerunt
727 465 767 491 se
806 455 906 491 omni
940 455 1206 493 stercoratione

87 532 212 560 carere
247 533 382 570 posse,
420 525 480 560 vel
518 534 663 561 omnem
697 523 1001 562 stercorationem
1036 523 1203 573 rejicien-

88 593 171 630 dam
198 603 292 630 esse.
322 611 362 620 —
390 593 469 631 Alii
491 601 612 631 autem
637 593 723 631 huic
749 593 920 642 opinioni
942 602 1020 632 non
1045 604 1202 641 prorsus

88 662 253 710 addicti,
277 663 372 700 illam
389 671 509 701 tamen
521 663 652 702 Solam·
677 662 838 702 tuberosi
865 664 1030 700 culturae
1043 663 1203 710 applica·

85 740 251 779 verunt3
288 731 370 780 sic,
409 740 451 770 ut
487 734 693 781 exemplum
727 733 935 779 adducam,
957 732 1200 770 instituerunt

85 801 409 850 experimentum,
439 802 542 848 quod
567 813 692 839 revera
715 801 873 839 feliciter
898 799 1081 840 successit
1097 829 1110 849 ,
1136 812 1201 840 ve·

85 879 290 909 rumtamen
330 882 413 920 ager
450 871 555 920 prius
586 871 853 910 conserebatur
884 870 1076 920 Hedysaro
1103 871 1201 912 Ono·

85 940 221 989 brycha
237 968 250 987 ‚
281 952 376 988 quae
401 952 494 978 vero
522 941 676 989 planta,
705 941 792 978 dum
822 941 915 978 male
931 950 1166 989 procreverat
1184 970 1199 989 ,

85 1009 354 1058 subarabatur3
384 1011 455 1047 tale
469 1019 590 1047 autem
620 1010 910 1058 experimentum
936 1011 1027 1048 mihi
1050 1023 1200 1058 persua-

85 1079 171 1117 dere
203 1090 282 1117 non
315 1079 508 1128 videtur5-
527 1079 614 1126 quia
639 1078 720 1127 ipsa
749 1080 917 1118 subarata
950 1081 1075 1127 planta
1097 1081 1199 1119 vices

86 1149 261 1187 stercoris
286 1149 443 1198 agebat,
470 1149 623 1198 insuper
654 1150 945 1198 experimentum
973 1150 1198 1188 institueba-

83 1218 207 1256 turin
241 1227 334 1256 terra
361 1219 557 1257 mediocris
591 1218 823 1267 fertiiitatis;
863 1220 996 1257 haecce
1014 1219 1140 1268 rigitur
1164 1220 1198 1258 si

78 1296 340 1336 computamus
376 1300 459 1326 cum
493 1288 646 1336 verbis,
686 1288 824 1345 quibus
865 1289 1105 1336 exposuimus
1135 1290 1198 1327 So-

81 1358 457 1397 lanum-tuberosum
503 1359 611 1398 etiam
647 1359 744 1398 locis
783 1359 1027 1397 sterilissimis
1062 1371 1198 1409 prove·

78 1429 161 1468 nire
190 1439 336 1478 posse,
375 1429 571 1478 adevante
607 1429 750 1467 scilicet
783 1430 1078 1476 stercoratione,
1116 1440 1193 1468 non

79 1499 256 1538 miramur
283 1498 374 1538 satis
402 1499 542 1537 bonurn
576 1508 799 1548 proventum
828 1500 887 1538 hic
920 1499 1131 1539 obtinuisse
1153 1499 1193 1538 in

76 1578 174 1609 terra
187 1598 201 1617 ,
232 1581 326 1617 quae
345 1568 587 1607 sterilissimis
603 1596 619 1617 ‚
642 1571 814 1618 quamvis
832 1570 1071 1616 stercoratis,
1098 1565 1193 1608 sem·

77 1651 145 1690 per
178 1639 416 1688 praeferenda
449 1638 533 1677 erit.
576 1638 645 1687 (1)
693 1638 834 1677 Monet
870 1650 993 1677 rerum
1015 1639 1196 1688 peritissi-

79 1722 188 1758 muS,
229 1709 427 1755 Thaer,
464 1708 604 1747 Solana
645 1708 787 1755 absque
829 1708 1099 1748 stercoratione
1132 1710 1193 1748 vel

76 1779 200 1819 debita
243 1778 330 1817 huic
371 1779 538 1816 culturae
576 1789 663 1816 cura
697 1788 774 1816 non
813 1778 975 1816 adhibita
994 1806 1008 1826 ,
1058 1787 1189 1817 terram

76 1849 284 1898 relinquere
306 1848 487 1897 impuram
518 1857 554 1886 et
571 1849 752 1903 sterilem.
805 1849 1033 1887 Putsche
1068 1858 1190 1888 autem
1244 1877 1246 1879 v

76 1920 185 1970 plane
220 1920 392 1957 assentiri
423 1929 501 1957 non
549 1930 784 1967 possumus,
823 1919 970 1966 quando
1005 1927 1192 1957 asseverat

1082 1999 1190 2028 num-

111 2102 168 2140 <1)
186 2103 374 2131 Duhamel
395 2103 443 2130 du
464 2102 663 2138 Moncean
685 2107 715 2128 et
735 2101 924 2134 Camper‚
946 2099 1076 2126 Νίκωνι
1098 2092 1188 2132 missu

75 2168 136 2188 van
153 2158 365 2187 Landbouwen
382 2166 443 2187 etc.
455 2178 466 2193 ,
477 2159 572 2186 Amst.
591 2160 676 2192 1765.
695 2157 747 2185 IV.
764 2156 836 2185 Stuk
848 2163 935 2190 φας.
958 2161 994 2190 27
1015 2162 1046 2183 et
1060 2155 1189 2182 MAmoi-

76 2225 124 2243 ηε
148 2222 180 2243 et
203 2217 319 2245 observ.
351 2216 528 2243 recueillies
541 2221 609 2250 par.
627 2216 658 2242 la
679 2213 790 2241 sociae'te'
812 2221 910 2240 oecon.
937 2212 973 2239 do
999 2211 1122 2247 Reme,
1141 2215 1186 2240 11⁰.

75 2274 161 2308 1763.
183 2274 216 2302 P.
238 2273 263 2302 1.
286 2280 354 2308 pag.
388 2276 453 2302 181·

590 2336 625 2373 D
651 2347 673 2371 2
