1487 2703
478 122 909 173 JURIDICA.
1234 134 1256 169 9

149 238 230 284 nis,
260 235 427 284 quamvis
452 235 497 273 de
528 236 593 273 hac
630 235 729 282 sint,
758 235 823 283 qui
854 233 1023 272 dubitent
1050 235 1134 283 (1).
1188 235 1258 271 At-

148 311 297 354 tamen,
325 313 367 344 υτ
381 306 549 352 videtur,
578 306 698 343 minus
719 315 835 352 recte,
864 317 978 352 quum
993 305 1260 352 Ulpianus,

149 377 301 426 in'lege
321 377 353 415 Ι.
380 376 422 415 ff.
445 377 488 414 de
513 378 628 415 cond.
654 377 735 414 sine
756 388 864 414 causa
881 405 892 423 ‚
921 375 1145 413 contrarium
1173 376 1262 412 toti·

151 447 230 485 dem
245 447 368 485 verbis
385 449 514 485 doceat
527 476 539 494 ‚
557 448 682 485 dicens
697 460 706 485 ε
741 476 765 495 „
779 447 841 493 qui
855 456 975 484 autem
993 445 1165 494 promisit
1185 445 1264 482 sine

153 547 178 566 ,‚
204 523 340 566 causa,
367 519 562 556 condicere
597 518 836 566 quantitatem
871 527 947 554 non
972 526 1125 565 potest,
1153 528 1261 563 quam

156 616 180 637 ‚‚
206 599 284 627 non
314 589 442 637 dedit,
481 589 545 626 sed
573 588 691 637 ipsam
728 587 1005 635 obligationem.
1061 586 1162 633 Sed,
1196 586 1266 623 etsi

157 687 181 707 „
207 660 257 698 ob
294 671 461 697 caussam
494 658 694 707 promisit,
734 668 842 695 causa
871 665 990 694 tamen
1028 665 1153 694 secuta
1189 667 1267 693 non

157 755 180 775 ‚‚
207 737 288 776 est,
327 730 520 766 dicendum
558 736 638 773 est,
679 726 951 764 condictionem
989 728 1111 764 locum
1156 726 1268 763 habe-

155 825 179 845 „
205 810 243 836 re
267 798 293 814 ’⁹
319 798 401 848 (ε).
976 840 979 847 Ν,

202 868 348 906 Eodem
379 867 456 905 fere
493 868 676 914 redeunt,
707 878 800 914 quae
827 875 933 905 cauta
969 866 1115 905 fuerant
1154 868 1269 905 veteri

148 936 237 986 Jure
262 938 457 977 Francico.
495 937 794 976 Pothierius
822 938 890 986 (3)
917 938 1030 985 vitia,
1060 950 1152 986 quae
1181 950 1268 975 con-

151 1015 310 1046 tractum
346 1009 488 1046 nullum
525 1009 674 1046 reddere
705 1018 892 1057 possunt,
921 1010 1051 1047 tradit:
1083 1020 1269 1055 errorem,

152 1077 257 1125 vim,
293 1078 446 1124 dolum,
486 1079 711 1125 laesionem3
754 1090 873 1126 quae,
920 1079 951 1115 si
994 1090 1069 1116 uno
1102 1080 1274 1126 amplecti

153 1147 248 1184 velis
278 1147 421 1194 verbo,
463 1148 556 1185 nihil
591 1148 691 1186 aliud
715 1158 830 1196 sunt,
858 1148 928 1185 nisi
966 1147 1132 1186 defectus
1163 1149 1271 1186 liberi

153 1228 385 1264 consensus,
415 1218 555 1265 quippe
586 1218 650 1264 qui
673 1218 831 1266 singulis
858 1219 915 1256 his
942 1220 1127 1258 turbatur.
1166 1222 1272 1259 Prae·

152 1295 251 1324 terea
282 1287 381 1325 addit
415 1287 601 1325 defectum
630 1299 783 1325 caussae
817 1299 853 1326 et
889 1291 1055 1336 vinculi,
1085 1302 1161 1338 quo
1185 1304 1272 1340 pro·

154 1356 304 1394 mittens
328 1357 514 1405 obligatur
532 1358 577 1395 ad
601 1359 849 1406 solvendum,
880 1361 982 1407 quod
1006 1362 1193 1408 promisit.
1223 1387 1273 1392 —

158 1426 326 1476 (Defaut
341 1427 384 1465 dc
402 1429 475 1465 lien
493 1427 585 1465 dans
605 1429 643 1466 la
651 1439 830 1480 personne
843 1415 937 1479 ,qui
944 1434 1112 1481 promet)
1129 1433 1212 1481 (4).
1225 1457 1275 1462 -

1202 1505 1276 1541 De·-

193 1577 245 1617 (ι)
269 1580 318 1609 Cf.
340 1582 379 1609 cl.
402 1581 536 1616 Ernst,
566 1581 596 1608 in
625 1581 764 1617 Disput.‚
794 1591 869 1617 quae
896 1591 942 1612 est
969 1584 1000 1612 in
1028 1586 1116 1613 Bihl.
1147 1588 1186 1613 du
1213 1588 1275 1624 Ju-

155 1639 231 1666 risc.
254 1644 285 1664 et
306 1638 345 1669 du
373 1639 488 1673 Publ.,
517 1638 609 1667 Tom.
633 1639 658 1668 1.
681 1640 754 1668 Liv.
778 1648 815 1675 33
846 1640 898 1676 qui
927 1649 1027 1670 tamen
1055 1642 1085 1670 in
1112 1650 1202 1676 nota,
1238 1646 1273 1673 ad

153 1702 219 1729 pag.
247 1701 314 1729 258.
342 1702 424 1723 recte
449 1696 472 1724 1.
499 1705 528 1730 7.
560 1697 586 1732 §.
611 1706 641 1733 4.
674 1696 704 1727 ff.
731 1698 766 1726 de
795 1699 910 1734 pactis,
938 1707 1025 1733 quam
1049 1700 1209 1736 nonnulli,
1242 1702 1271 1729 in

154 1752 263 1788 quibus
295 1755 431 1789 Merl.‚
469 1754 652 1789 allegarunt,
692 1756 788 1784 refert
820 1757 855 1784 ad
888 1764 1004 1786 causam
1038 1757 1163 1793 civilem
1198 1761 1275 1788 obli-

152 1810 252 1844 gandi.

192 1869 245 1906 (2)
266 1869 347 1898 Add.
376 1869 420 1898 cf.
449 1870 567 1899 Yssel
592 1871 636 1898 de
666 1856 888 1907 Schepper,
920 1873 986 1901 1.1.
1013 1880 1045 1907 p.
1068 1881 1139 1908 1¹7·
1163 1881 1274 1909 seqq.,

153 1925 205 1961 qui
230 1927 332 1961 plures
355 1928 439 1960 leges
463 1928 499 1955 ad
522 1935 621 1961 partes
645 1927 780 1957 vocavit.

189 1980 242 2018 (3)
262 1983 296 2010 L.
315 1983 338 2011 l.
361 1979 414 2011 η’).
438 1984 484 2012 ι6.
507 1991 593 2019 seqq.

188 2039 241 2074 (4)
261 2040 373 2069 Poth.
389 2060 398 2075 ‚
419 2042 467 2068 n‘'.
490 2049 528 2077 47
550 2048 580 2068 et
600 2045 650 2076 48.
672 2040 760 2069 latius
784 2041 845 2076 egit
872 2043 908 2071 de
935 2043 994 2071 hoc
1019 2043 1191 2078 requisito.
1219 2053 1270 2072 co-

151 2093 218 2123 <lice
249 2103 353 2131 recte,
392 2104 425 2125 ut
451 2097 593 2133 videtur,
636 2098 771 2134 omisso,
811 2092 911 2134 quum
938 2099 991 2128 vix
1019 2100 1144 2135 cogitari
1172 2103 1270 2137 possit

152 2153 335 2189 conventio,
359 2153 424 2183 sive
451 2155 568 2190 valida,
590 2155 656 2185 sive
681 2164 741 2186 non
766 2156 883 2192 valida,
904 2157 934 2185 in
959 2165 1016 2193 qua
1033 2159 1091 2188 hoc
1114 2157 1267 2187 vinculum

155 2206 269 2236 deficit.
