1487 2703
247 167 292 193 10
544 149 1056 189 PRAEFATIO.

245 262 345 299 Tab.
376 273 462 309 130.
492 260 558 308 fig.
602 272 618 298 1
649 269 685 298 et
712 272 764 306 23
806 268 843 297 et
868 259 1121 306 describitur,
1152 260 1258 298 Parte
1281 259 1351 298 VI.

242 333 332 372 Lib.
363 331 432 371 IX.
461 331 561 379 Cap.
589 342 651 375 17.
679 341 766 379 pag.
798 333 887 378 368.

290 403 395 441 Duae
418 400 613 449 praecipue
638 408 727 438 sunt
756 400 834 449 ejus
866 399 1060 437 varietates
1078 427 1090 446 ‚
1119 399 1239 437 radice
1264 398 1356 437 albi·

235 480 343 510 cante
373 479 411 509 et
439 481 545 509 rosea
567 499 580 518 ,
621 481 716 518 quae
751 469 997 518 praestantior
1029 468 1211 517 habetur;
1240 469 1352 508 variis

238 542 359 580 modis
394 540 750 588 accommodantur,
790 548 1006 587 coquuntur
1041 550 1124 576 cum
1152 538 1355 586 carnibus,

238 613 297 649 vel
314 611 495 659 imprimis
521 622 605 648 cum
629 609 799 659 piscibus
825 618 935 656 atque
964 609 1101 657 piperis
1126 609 1271 657 copiam
1295 611 1358 648 ad-

240 683 333 719 dunt
360 690 401 718 ut
428 691 514 718 saue
553 680 782 718 inconsuetis
815 679 1035 727 displiceant
1059 679 1148 716 tales
1175 677 1353 726 deliciae;

238 751 392 799 insuper
435 763 478 788 ex
523 750 568 788 iis
605 760 821 798 praeparant
855 749 1036 797 liquorem
1081 749 1355 798 spirituosum,

242 832 350 867 quem
380 821 515 870 Mobhy
557 830 717 868 vocantg,
756 820 926 867 quamvis
964 828 1149 857 caeterum
1172 819 1357 857 difficilius

240 891 377 928 servari
400 891 547 939 possint
561 891 725 937 radices,
742 899 862 928 tamen
877 902 921 927 ex
936 890 1104 927 America
1129 898 1358 937 transporta-

240 971 298 998 tae
331 961 368 999 in
403 961 644 1009 Hispaniam,
685 961 883 1010 Angliam‚
920 960 1155 999 Germaniam
1189 959 1357 1008 aliosque

244 1033 375 1077 locos,
410 1031 471 1071 hic
501 1031 656 1079 illicque
681 1032 802 1069 cultae
828 1040 931 1069 sunt.
961 1032 1031 1080 (1)

291 1102 418 1139 Altera
457 1103 606 1150 planta,
659 1112 752 1149 quae
793 1100 838 1138 ab
879 1100 1011 1137 incolis
1045 1100 1182 1138 dicitur
1219 1101 1355 1148 Yams,

242 1172 425 1219 pertinere
456 1171 602 1209 videtur
628 1171 674 1208 ad
693 1170 866 1208 familiam
893 1171 1208 1217 Dioscorearum‚
1236 1172 1296 1209 vel
1314 1171 1359 1208 ad

243 1253 359 1291 genus
386 1243 606 1280 Dioscoreae
634 1242 685 1280 L.
712 1253 756 1278 ex
782 1243 898 1278 classe
919 1241 1143 1279 dioeciarum
1168 1249 1204 1278 et
1229 1239 1359 1278 ordine

242 1312 485 1359 hexandriae,
523 1320 635 1360 atque
670 1312 842 1349 dixerunt
888 1311 1127 1348 Dioscoream
1182 1310 1358 1356 alatam,

247 1410 271 1429 „
297 1380 400 1419 foliis
436 1381 628 1428 cordatis,
670 1382 773 1419 caule
812 1381 906 1418 alato
945 1377 1162 1417 bulbifero”
1198 1401 1250 1408 —
1286 1379 1358 1416 Vel

243 1451 370 1490 forsan
395 1460 451 1489 est
472 1453 592 1489 eadem
610 1479 622 1497 ‚
636 1461 744 1497 quam
761 1449 910 1487 exhibet
938 1449 974 1486 R
987 1460 1058 1486 um
1073 1449 1156 1496 phi
1174 1461 1195 1486 u
1209 1459 1227 1486 s
1243 1475 1255 1494 ‚
1279 1448 1306 1485 1.
1319 1458 1354 1485 c.

246 1523 344 1560 Tab.
374 1534 459 1570 124.
493 1522 717 1571 (Dioscorea
743 1519 969 1568 baslbifera),

298 1593 420 1642 Hujus
448 1594 591 1639 plantae
626 1591 729 1628 radix
756 1602 775 1628 a
801 1590 928 1628 multis
966 1588 1082 1637 priori
1119 1586 1326 1636 praefertur
1344 1615 1357 1632 .,

1281 1665 1359 1694 tan-

280 1794 335 1836 (1)
357 1799 405 1826 Cf.
428 1799 629 1833 Fortsetzung
653 1798 701 1824 des
733 1799 856 1833 allgem.
887 1799 1005 1824 Garum
1033 1797 1225 1836 lilagazius.
1256 1797 1289 1824 B.
1312 1797 1354 1824 11.

241 1865 307 1892 pag.
338 1864 408 1886 221.
443 1869 480 1876 —
519 1854 709 1889 Liunaea,
745 1855 824 1882 Band
853 1853 939 1882 vlll.
957 1854 1055 1889 Jahrg.
1081 1857 1170 1888 1333.
1193 1861 1262 1888 pag.
1290 1862 1357 1889 259.

248 1922 339 1950 porro
364 1912 501 1941 Pieter
533 1912 681 1945 Kolbe,
712 1911 964 1946 Naauwkcurige
992 1911 1201 1948 besclzriJ·v1'ng
1227 1920 1286 1939 van
1321 1911 1356 1937 de

248 1973 336 2008 Xaap
363 1971 396 1998 de
429 1972 522 2000 Coele
543 1970 645 2005 Hoop‚
667 1970 765 1998 Amst.
781 1977 869 2004 1727.
897 1969 934 1996 D.
955 1969 976 1996 1.
995 1976 1062 2003 pag.
1091 1975 1163 2005 154.

286 2027 420 2063 Philip
442 2020 614 2060 Ferrum,
646 2027 774 2054 Nieuwe
800 2028 968 2062 algemeene
1003 2026 1212 2061 beschrijving
1238 2035 1297 2054 van
1320 2026 1353 2053 dc

251 2079 372 2114 Coloiaie
395 2085 578 2119 Summam,
599 2082 761 2117 Harlingen
790 2090 876 2118 1770·
902 2084 941 2111 D.
964 2083 987 2111 1.
1009 2090 1076 2118 pag.
1093 2083 1142 2117 67.

288 2143 427 2171 Pietcr
468 2143 595 2174 Halm,
652 2141 723 2167 Res,
761 2140 831 2168 door
870 2140 975 2168 Noord
1013 2140 1163 2167 Amcrika
1182 2160 1191 2175 ‚
1232 2141 1356 2169 utrecht

247 2209 331 2233 17·2.
361 2201 398 2228 D.
424 2200 448 2227 l.
478 2206 544 2234 pag.
563 2206 610 2228 530.
