1544 2693
443 159 1043 200 THEOLOGICA.
1236 176 1302 212 141

203 281 282 309 nem
313 281 424 319 usque
440 297 453 316 ,
486 268 555 319 fibi
590 283 636 308 ex
670 269 836 316 univerfh
867 282 1000 320 genere
1032 271 1216 320 humano,
1238 283 1309 324 per

202 341 385 391 Spiritum
397 338 510 386 suum
543 349 578 377 et
601 340 750 378 verbum
765 368 777 387 ‚
805 342 845 377 in
879 340 975 378 werd
991 339 1070 387 fide
1090 342 1310 389 consentien-

201 419 304 457 tem,
330 410 496 460 colligit,
537 419 667 448 tuetur
694 424 738 448 ac
764 410 911 457 servat.
956 409 1074 460 (resp.
1114 421 1177 459 54.
1214 411 1308 450 coll·

203 483 268 519 82.
307 479 395 530 85.)
459 480 627 518 Christus
671 480 781 519 huius
829 480 1013 527 Ecclefiae
1064 489 1117 518 est
1171 489 1312 531 caput,

201 550 323 601 (resp.
353 563 402 600 49
420 579 433 598 ,
461 561 523 599 50.
555 561 621 598 qu.
648 560 709 598 51.
741 550 834 598 resp.
864 552 952 599 57.)
975 561 1043 601 per
1067 549 1166 600 quod
1192 548 1312 588 Pater

199 624 323 660 omnia
352 621 536 671 gubernat
554 649 566 667 ‚
607 621 661 669 (r.
696 620 784 668 50.)
818 627 854 657 et
886 621 993 657 cuius
1037 621 1124 658 νὶνα
1145 619 1309 657 membra

189 691 285 738 sunt
315 700 352 729 et
379 699 557 740 perpetuo
583 689 781 727 manebunt
820 688 980 737 universi
998 697 1034 726 et
1062 688 1201 737 singuli
1235 701 1316 726 cre-

197 760 348 799 dentes:
383 761 438 810 (r.
474 769 549 808 54,
588 769 650 807 55.
687 760 774 796 coll.
812 771 873 807 32.
914 769 981 806 49.
1017 769 1081 807 51.
1106 758 1197 807 85.)
1223 771 1310 809 quos

200 829 264 868 ille
283 828 363 876 sud
382 829 554 880 potentid
573 838 704 867 contra
724 841 841 868 omnes
864 829 977 867 hostes
997 826 1157 881 protegit
1177 842 1222 868 ac
1244 829 1314 878 (a)

199 898 364 948 defendit
377 926 390 945 ‚
417 907 453 937 et
475 901 517 936 in
533 912 618 949 quos
641 899 808 937 eoelestia
830 898 926 937 dona
946 897 1128 948 effundit:
1155 899 1209 949 (r.
1224 898 1314 947 51.)

202 969 268 1017 qui
297 969 387 1007 adeo
422 968 506 1006 sunt
524 969 652 1015 sancti
688 968 781 1018 (qu.
812 970 902 1018 55.)
926 977 963 1007 et
986 969 1112 1016 electi,
1140 969 1194 1018 (r.
1225 968 1314 1018 52.)

206 1039 349 1078 Christi
373 1040 602 1088 omniumque
632 1040 707 1077 eius
733 1038 800 1089 (b)
826 1039 1000 1077 bonorum
1029 1039 1312 1078 communionem

204 1109 365 1155 habent,
417 1118 644 1160 acceptaque
683 1122 708 1146 a
740 1107 886 1147 Christo
921 1107 1018 1147 dona
1053 1111 1095 1146 in
1127 1120 1314 1147 commune

206 1178 427 1217 commodum
453 1178 624 1227 conferre
652 1177 793 1217 debent.
835 1180 890 1227 (r.
920 1188 984 1226 55.
1011 1179 1100 1216 coll.
1130 1179 1194 1225 76.
1224 1179 1313 1226 80.)

204 1248 257 1286 Hi
290 1248 447 1297 proinde
470 1248 710 1299 appellantur
736 1248 972 1295 Christiani,
1015 1255 1188 1295 tanquam
1219 1257 1313 1298 par·

201 1320 328 1369 ticipes
363 1320 545 1357 unctionis
583 1319 747 1365 Christi,
783 1328 826 1356 ut
851 1330 978 1356 nomen
1007 1319 1084 1356 eius
1112 1316 1312 1366 confitean-

203 1398 296 1436 tur,
321 1386 431 1436 seque
450 1389 586 1437 sistant
611 1389 678 1439 ipfi
709 1389 831 1427 vivam
854 1387 1106 1438 gratitudinis
1129 1388 1313 1435 hostiam,

202 1468 239 1497 et
270 1461 310 1496 in
335 1459 405 1496 hae
429 1458 535 1505 oud,
574 1467 706 1496 contra
737 1467 925 1509 peceatum
956 1467 992 1495 et
1025 1457 1237 1504 Satanam‚
1264 1458 1311 1496 li-

203 1529 299 1567 bera‘
324 1528 391 1579 (e)
429 1538 464 1567 et
497 1528 594 1566 bona*
629 1527 854 1575 conscientia*
874 1537 1066 1578 pugnent,
1112 1536 1149 1566 et
1187 1537 1311 1578 postea

203 1607 396 1637 aeternum
430 1611 511 1636 cum
537 1598 682 1636 Christo
715 1609 869 1647 regnum
895 1599 937 1634 in
965 1609 1084 1635 omnes
1109 1605 1311 1636 creaturas

202 1678 367 1708 teneant.
395 1668 449 1717 (r.
480 1679 541 1716 32.
570 1667 658 1706 coll.
686 1667 776 1716 49.)
804 1666 871 1705 Ad
898 1667 990 1705 hanc
1027 1667 1102 1705 Dei
1130 1667 1310 1716 ecclestam

204 1747 239 1776 et
261 1738 394 1786 foedus
436 1739 598 1787 infantes
630 1737 928 1775 Christianorum
967 1749 1081 1787 aeque
1118 1738 1311 1788 pertinent

202 1820 248 1845 ac
278 1806 415 1845 adulti.
445 1808 498 1856 (r.
534 1818 596 1854 74.
625 1808 712 1844 coll.
743 1818 809 1854 qu.
840 1808 902 1845 68.
932 1815 968 1844 et
991 1818 1023 1846 r.
1053 1806 1142 1855 82.)

255 1877 443 1926 Ecclesta‚
471 1890 516 1915 ex
542 1876 610 1926 (d)
634 1877 862 1929 praescripto
889 1877 1030 1916 Christi
1061 1887 1096 1915 et
1124 1877 1312 1928 Apostolo-

1195 1961 1279 1995 rum
1297 1976 1311 1996 ‚

242 2014 295 2051 (a)
317 2016 411 2051 Resp.
436 2025 482 2050 51·
506 2017 607 2045 Germ.
631 2017 745 2046 erlzelt.
767 2017 851 2052 Be1g.
874 2019 1019 2046 hewaert.

244 2072 297 2109 (b)
318 2074 411 2109 Resp.
435 2080 482 2106 55.
506 2075 609 2103 Germ.
624 2074 768 2109 schetzen
785 2075 846 2104 vnd
861 2077 970 2111 gaben.
991 2076 1076 2111 Belg.
1093 2075 1238 2110 fihumn
1258 2084 1307 2102 en-

205 2130 239 2157 de
261 2139 374 2166 gurcen.

245 2186 294 2222 (c)
316 2188 412 2222 Resp.
436 2196 483 2222 3²·
507 2187 571 2216 Lat.
593 2194 623 2215 et
646 2188 722 2216 hond
740 2196 800 2217 non
820 2196 980 2217 occurrunt
1000 2188 1306 2223 i11cerm.autsse1g.

248 2242 298 2277 (d)
322 2244 416 2278 Resp.
440 2249 486 2274 82.
512 2243 615 2273 G'erm.
639 2245 788 2280 ordnung.
813 2246 897 2280 Belg.
912 2246 1117 2282 *ordeninglzm
