1487 2703
169 167 238 211 148
351 154 1053 200 'COMMENT-A'rlo·

176 271 250 309 culi
291 269 400 307 nimis
438 269 605 318 impleri3
660 270 729 318 (ι)
772 280 818 307 an
853 282 940 307 vero
974 272 1046 308 hoc
1085 270 1288 308 incommo-

177 344 291 388 dum,
339 341 441 387 quod
489 340 564 378 fieri
607 351 718 388 posse
749 350 826 377 non
864 350 991 386 nego,
1043 339 1122 377 tali'
1145 340 1289 377 mecha-

176 413 256 449 nica
303 411 443 449 ratione
480 410 736 458 explicandum
777 409 855 455 sit,
897 409 1116 447 dubitarem.
1172 409 1291 458 Quid-

179 482 268 528 quid
305 481 380 527 sit,
421 480 616 529 regiones,
645 481 682 517 in
727 479 865 527 quibus
889 480 976 518 haec
1006 479 1194 528 saginandi
1218 490 1292 517 me·

175 552 312 589 thodus
340 551 521 597 invaluit,
549 549 763 598 perabunde
787 550 920 587 docent
961 550 1096 588 Solana
1123 548 1202 586 sive
1225 560 1291 596 per

176 632 246 667 se,
275 621 354 658 sive
387 632 471 658 cum
514 619 626 657 foeno
654 620 712 657 vel
740 619 778 657 in
816 619 967 658 farinam
1001 620 1145 657 redacta
1179 627 1292 666 atque

174 690 311 728 farinae
350 692 549 739 pisorum,
588 690 756 735 Hordei,
800 691 977 736 Avenae,
1030 689 1291 736 similibusque

174 763 299 810 juncta
317 788 330 807 ,
363 761 524 798 innocue
553 771 630 797 non
665 769 807 798 tantum
826 767 828 769 ’
846 760 931 798 huic
959 771 1078 808 scopo
1114 758 1293 798 inservire

176 841 317 878 posse,
346 831 412 868 sed
448 830 554 868 etiam
589 830 750 877 ipsarum
790 830 981 878 regionum
1007 829 1291 878 prosperitatem

174 900 392 940 increvisse.
428 921 482 929 —-
516 900 655 937 Solana
687 901 799 938 cruda
839 912 952 948 porro
981 900 1020 937 in
1054 900 1178 938 discos
1203 910 1294 937 con-

177 970 292 1008 scissa
321 970 380 1008 vel
414 978 571 1007 contusa
601 969 771 1017 plerique
793 969 970 1018 pabulum
997 973 1208 1017 pergratum
1240 977 1294 1007 at·

173 1051 246 1086 que
272 1050 400 1078 sanum
424 1048 615 1077 autumant
638 1068 651 1087 ,
679 1051 756 1088 quo
793 1039 965 1077 increscit
988 1039 1096 1087 copia
1122 1038 1227 1077 lactis
1256 1046 1294 1076 et

173 1108 326 1155 butyri,
369 1109 571 1146 dummodo
604 1106 756 1146 foenum
793 1109 1011 1157 bonumque
1049 1116 1290 1146 stramentum

172 1179 339 1216 addatur.
372 1170 528 1224 ,Solima
557 1190 641 1216 cum
664 1179 849 1217 radicibus
878 1180 992 1217 Betae
1013 1179 1209 1228 vulgaris,
1235 1178 1296 1216 vel

176 1249 290 1286 Betae
328 1249 470 1296 ciclae,
500 1249 627 1297 pecori
666 1258 835 1297 porrecta
874 1260 984 1297 saepe
1023 1249 1131 1295 vidi,
1173 1248 1295 1285 velet

175 1319 314 1356 Solatia
344 1330 427 1356 cum
466 1319 580 1357 foeno
611 1328 648 1356 et
680 1320 825 1365 aliquot
865 1319 1063 1362 manipulis
1083 1318 1169 1353 salis
1200 1316 1296 1353 culi·

174 1387 300 1434 naris3
329 1398 533 1433 numquam
577 1397 665 1423 vero
701 1384 826 1422 audivi
863 1385 929 1422 hac
968 1384 1111 1422 ratione
1149 1383 1293 1424 incom-

176 1457 284 1495 moda
314 1457 447 1494 oborta
473 1455 620 1502 fuisse,
649 1466 742 1503 quae
774 1466 794 1492 a
822 1454 1045 1502 quibusdam
1072 1455 1291 1494 Solanorum

173 1526 396 1566 exhibitioni
437 1525 723 1572 adscribentur,
777 1525 831 1562 uti
878 1524 1145 1570 flatulentiam,
1198 1525 1291 1563 diar-

177 1599 320 1634 rhaeam
337 1624 350 1644 ,
379 1595 705 1642 extenuationem,
734 1595 933 1641 abortum,
951 1603 1022 1632 ete.
1040 1595 1111 1631 hos
1138 1605 1292 1642 quoque

179 1667 324 1714 egregie
357 1665 541 1703 refutatos
569 1665 793 1703 invenimus.
824 1664 896 1714 (2)

225 1736 392 1774 Nimium
427 1744 575 1782 autem,
612 1735 672 1773 hic
706 1743 747 1772 ut
779 1746 948 1783 semper,
983 1743 1116 1783 nocet,
1156 1744 1287 1784 estque

176 1807 309 1844 modus
356 1805 394 1842 in
442 1805 580 1853 rebus,
630 1816 770 1852 quem,
821 1805 945 1852 quoad
982 1806 1098 1852 haec,
1151 1806 1289 1854 optime

1169 1884 1290 1913 sciunt

213 1940 263 1977 (1)
285 1940 355 1968 Vid.
382 1939 543 1976 Schriften
562 1940 615 1967 der
641 1940 765 1970 Berlin.
784 1938 934 1968 Geselsch.
953 1939 1291 1975 naturfors.freunde‚

176 1998 269 2026 Band.
291 1998 350 2025 111.
368 2004 434 2031 pag.
456 1996 526 2033 464.

214 2038 268 2090 ’(2)
291 2054 379 2082 Bibl.
399 2054 524 2081 ranfvers
542 2051 679 2089 (agric.)
702 2053 792 2080 Tom.
816 2053 864 2081 VI.
882 2061 949 2088 pag.
975 2060 1043 2090 139.
1069 2053 1176 2080 Salano
1202 2059 1288 2081 cocta

176 2116 267 2144 arque
286 2108 434 2140 contrita,
455 2116 470 2135 a
493 2109 540 2138 cl.
561 2109 702 2137 Numan
729 2110 942 2136 nutrimentum
959 2108 1111 2143 egregium
1135 2107 1291 2135 laudantur

178 2166 208 2194 in
233 2165 352 2200 pecoris
370 2166 501 2194 morbo:
537 2166 570 2192 cle
602 2166 675 2192 Snot
761 2165 862 2192 kwude
891 2166 964 2192 Snot
991 2164 1056 2193 sive
1086 2164 1286 2192 Snot-Kuch.

176 2223 246 2251 vid.
271 2223 394 2251 Handb.
414 2224 601 2259 dergenees·
630 2233 665 2251 en
686 2222 815 2252 ivarlosk.
832 2232 890 2250 van
917 2223 967 2249 het
983 2230 1032 2250 vce
1046 2241 1055 2257 ‚
1079 2222 1176 2250 Gron.
1196 2225 1289 2256 1819,

174 2288 229 2313 pag
263 2288 328 2315 334·
