1487 2703
425 171 932 215 LITERARIA.
1191 191 1238 227 25

132 291 236 333 peret
272 291 309 321 et
342 284 382 327 in
412 283 564 334 regione
596 285 735 333 vicina,
763 294 984 324 crescentem
1020 294 1240 334 potestatem

131 365 267 403 resque
303 352 460 392 feliciter
492 362 647 403 gestas,
688 356 859 405 Josepho
898 356 1085 396 invidebat
1120 367 1156 396 et
1184 369 1242 396 se·

129 436 215 464 cum
241 424 419 465 volvebat
445 437 521 472 quo
553 425 666 464 modo
700 426 734 464 ei
761 436 927 466 noceret.
978 427 1157 466 Metuens
1180 440 1244 467 au-

131 503 205 534 tem
239 495 314 533 sibi
351 497 397 534 ab
431 497 511 546 ejus
541 496 682 535 virtute
717 505 754 534 et
778 497 970 546 prudentia
992 526 1005 546 ,
1058 499 1147 536 dolo
1187 500 1245 539 uti

129 565 314 615 optimum
352 567 386 605 ei
417 566 620 608 videbatur.
672 567 824 617 Quare,
851 578 936 606 cum
967 567 1167 607 Tiberiade
1189 581 1247 607 se-

130 636 312 676 ditionem
342 648 493 676 movere
525 638 662 686 vellet,
690 649 756 676 nec
797 646 919 676 tamen
956 650 1000 676 eo
1038 638 1118 677 sine
1142 651 1248 688 prae-

131 715 237 746 textu
277 706 468 756 proficisci
496 708 675 755 auderet,
702 708 747 746 ad
762 707 978 756 >josephum
1004 708 1143 747 litteras
1181 710 1250 747 mi-

132 776 212 825 sit,
251 777 475 824 obsecrans,
512 785 552 814 ut
599 776 674 814 sibi
709 778 973 816 concederetur
1007 778 1135 816 calidis
1173 780 1247 817 illic

129 847 187 886 uti
226 848 334 896 aquis
374 849 419 886 ad
454 847 701 886 valetudinem
749 848 974 897 curandam3
1018 849 1123 898 quod
1156 849 1241 896 ille,

130 917 186 956 nil
219 918 306 957 mali
334 917 577 967 suspicatus,
621 919 654 955 ei
683 928 761 956 non
793 918 1004 967 denegavit.
1049 940 1103 948 —
1149 920 1248 958 Cum

129 997 253 1028 autem
291 988 489 1029 Tiberiade
520 989 657 1027 multae
683 996 808 1026 essent
843 988 1052 1037 factiones,
1078 997 1117 1027 et
1146 989 1249 1027 inco-

130 1057 189 1096 lae
224 1068 406 1095 novarum
448 1068 572 1095 rerum
617 1057 780 1095 studiosi
814 1057 1062 1096 seditionibus
1104 1070 1249 1108 semper

131 1127 358 1177 gauderent,
376 1127 567 1176 Johannes
592 1126 701 1165 facile
734 1128 875 1166 multos
907 1127 982 1166 sibi
1013 1129 1250 1178 conciliavit,

133 1207 171 1237 et
212 1210 234 1237 a
269 1198 342 1237 fide
385 1198 554 1248 Josepho
602 1197 726 1236 debita
771 1199 951 1247 abduxit,
1004 1182 1101 1237 inter
1149 1212 1248 1249 quos

132 1267 323 1317 praecipui
346 1267 500 1305 fuerunt
517 1268 650 1317 Justus
675 1267 760 1316 ille,
787 1269 834 1306 de
859 1258 936 1317 quo
959 1269 1122 1309 vidimus
1149 1271 1248 1321 (1),

130 1337 290 1387 ejusque
322 1345 426 1386 pater
453 1336 580 1377 Pistus
596 1366 609 1385 ,
639 1337 705 1386 qui
743 1338 869 1377 statim
895 1339 1060 1389 ·J0hanni
1087 1352 1169 1380 sese
1187 1343 1250 1380 ad-

128 1407 348 1457 junxerunt.
377 1407 431 1446 At
456 1408 588 1456 Silus,
615 1409 713 1459 qui-5
730 1409 899 1459 Josepho
927 1410 1105 1460 absente,
1131 1412 1177 1450 ab
1203 1423 1248 1451 eo

131 1476 343 1527 praefectus
380 1477 484 1516 urbis
516 1478 748 1516 constitutus
774 1489 877 1528 erat,
905 1481 992 1519 haec
1023 1483 1146 1521 omnia
1173 1482 1250 1532 ipsi

133 1547 349 1596 nuntiavit,
388 1559 466 1595 quo
500 1549 628 1586 audito
664 1549 789 1587 statim
812 1549 1030 1600 Josephus,
1057 1564 1143 1591 cum
1174 1554 1246 1593 CC

132 1617 341 1666 militibus,
394 1617 618 1657 Tiberiaden
658 1619 855 1668 profectus
907 1630 991 1669 est,
1042 1623 1247 1671 praemisso

131 1688 296 1737 nuntio,
321 1688 388 1737 qui
410 1699 494 1727 eum
519 1688 694 1727 advenire
725 1690 927 1730 nuntiaret.
955 1709 1013 1741 ή-
1039 1693 1249 1733 Perturbati

132 1758 297 1808 incolae,
348 1770 511 1808 cumque
546 1758 592 1797 iis
623 1759 838 1809 Johannes,
894 1762 959 1810 qui
999 1771 1123 1802 tamen
1159 1776 1248 1803 mox

131 1829 312 1877 recessit,
360 1829 403 1867 ei
441 1829 588 1868 obviam
638 1830 801 1871 iverunt.
874 1832 1066 1882 Josephus
1097 1843 1247 1882 autem,

132 1899 297 1938 dimissis
334 1898 509 1938 omnibus
552 1900 618 1949 qui
660 1912 745 1939 eum
786 1902 1062 1943 circumdabant
1104 1902 1248 1953 praeter

132 1980 252 2008 unum
273 1969 457 2019 Jacobum
483 1977 519 2007 et
545 1971 670 2010 decem
703 1980 889 2022 armatos,
914 1975 1099 2023 populum
1130 1975 1248 2013 Tibe·

134 2040 290 2079 riensern
327 2041 511 2079 allocutus
547 2050 603 2079 est
635 2053 655 2079 e
689 2042 902 2082 sublimiori
935 2045 1095 2092 quodam
1131 2046 1216 2083 loco
1232 2074 1246 2094 ,

134 2111 268 2151 additis
287 2111 636 2162 adhortationibus,
663 2123 709 2151 ne
725 2141 738 2159 ,
765 2115 868 2162 quod
890 2115 961 2164 Jam
989 2114 1178 2163 fecerant,
1205 2114 1244 2153 in

1140 2195 1244 2234 post-

177 2261 228 2300 (ι)
249 2264 296 2293 Cf.
321 2258 350 2300 §.
377 2271 404 2297 3·
