1487 2703
414 185 919 225 LITERARIA-
1179 194 1227 231 73

118 305 202 349 tque
233 305 309 343 quo
333 295 428 333 vixit
462 297 616 333 multum
644 295 751 333 etiam
780 293 926 332 valebat
956 293 1000 338 ad
1035 304 1116 330 eum
1152 291 1230 330 for-

126 366 296 407 mandum
328 374 365 403 et
395 365 682 404 instituendum.

128 455 130 457 ν
179 434 368 483 Tempore
404 446 480 482 quo
513 435 695 474 Israelitae
725 446 767 473 ex
795 436 971 483 Aegypto
999 434 1036 471 in
1063 433 1235 472 Palaesti-

125 515 208 547 nam
243 506 489 553 occupandam
527 513 563 542 et
596 505 826 542 habitandam
860 505 1112 551 ducebantur,
1163 503 1235 542 Dei

124 573 203 613 fuit
238 574 433 613 consilium
469 583 504 612 et
537 574 774 623 propositum
816 586 923 612 unam
967 583 1109 623 gentem
1147 584 1238 610 con-

78 664 80 666 >
125 643 333 691 stituendi,
372 655 465 693 quae
489 653 573 683 eum
605 645 676 683 rite
708 646 872 691 coleret,
908 645 1065 694 ejusque
1093 645 1234 681 cultum

124 725 195 762 per
244 725 389 752 omnem
443 724 617 752 terrarum
671 715 799 752 orbem
851 714 981 751 deinde
1033 722 1235 761 spargeret.

124 782 226 821 Huic
264 784 370 832 rgenti
406 795 494 832 ergo
543 784 775 833 sejunctione
823 788 934 831 opus‘
966 792 1041 820 erat
1076 783 1120 819 ab
1157 783 1237 820 aliis

125 853 306 901 populis,
341 864 424 891 nam
456 853 679 891 commercio
710 864 794 890 cum
828 853 932 890 hisce
960 861 1069 898 orto,
1098 852 1239 891 indoles

123 923 347 971 peculiaris,
374 933 451 971 quo
480 923 552 972 ipsi
581 934 676 971 opus
710 932 811 970 erat,
840 934 993 970 prorsus
1019 921 1235 961 interiisset.

125 992 227 1031 Hinc
256 993 294 1030 in
330 993 458 1041 primis
492 1001 572 1030 orta
605 1001 661 1031 est
694 993 868 1041 superbia
894 993 982 1040 illa,
1013 1004 1106 1040 quae
1129 993 1242 1031 maxi-

127 1074 186 1100 me
217 1062 324 1100 etiam
360 1071 449 1111 post
485 1063 791 1100 Maccahaeorum
826 1071 992 1110 tempora
1030 1061 1240 1110 ,augebatur

124 1140 163 1170 et
200 1143 302 1179 qua,
331 1141 404 1170 tam
439 1132 607 1181 origine,
635 1132 680 1170 ab
714 1133 925 1170 Abrahamo
962 1133 1100 1177 ducta,
1130 1144 1238 1179 quam

116 1192 206 1251 *lege
230 1202 379 1249 divina,
422 1214 503 1241 sese
541 1202 751 1243 efferebant.
817 1202 960 1240 Deinde
994 1214 1082 1240 vero
1123 1214 1237 1249 quum

126 1273 218 1310 alios
254 1275 418 1322 populos
449 1284 648 1322 agnoscere
686 1273 860 1311 deberent
897 1272 1097 1319 dominos,
1137 1284 1239 1309 com-

124 1343 301 1381 mercium
343 1354 425 1380 eum
467 1343 571 1380 hisce
601 1343 805 1389 habentes,
852 1351 987 1390 sponte
1026 1343 1171 1389 quidem
1203 1351 1240 1380 et

126 1413 232 1461 quasi
263 1414 432 1452 nolentes
467 1415 636 1451 volentes
684 1413 816 1450 horum
860 1412 1038 1450 nonnulla
1071 1411 1240 1449 instituta

126 1493 190 1521 aut
224 1494 346 1522 mores
380 1492 444 1521 aut
482 1484 548 1520 alia
581 1483 730 1532 negotia
764 1482 1018 1530 accipiebant,
1046 1482 1112 1519 sed
1144 1493 1240 1519 sem·

126 1564 194 1601 per
226 1553 344 1591 tamen
384 1553 556 1602 superbia
580 1553 649 1591 ista
673 1553 779 1591 valde
807 1553 914 1591 etiam
941 1553 1103 1605 vigebat.
1141 1552 1239 1590 Hinc

126 1620 205 1661 fere
238 1623 332 1662 nulli
359 1623 404 1661 iis
440 1623 683 1662 innotuerunt
723 1623 923 1671 scriptores
955 1631 1018 1660 aut
1043 1622 1115 1661 viri
1138 1623 1240 1660 docti

126 1693 313 1740 extranei,
341 1694 404 1731 sed
435 1694 539 1731 solos
573 1705 662 1731 suos
699 1693 909 1730 habuerunt
940 1701 976 1730 et
1013 1696 1238 1741 coluerunt,

125 1763 356 1812 aliosnplane
388 1772 629 1812 spernentes;
662 1764 759 1801 *hinc
794 1765 945 1810 cultus,
999 1763 1171 1801 scientiae
1203 1773 1238 1800 et

126 1841 223 1872 artes
243 1833 407 1872 minores
441 1844 569 1883 erant,
597 1835 724 1872 saltem
754 1834 787 1872 si
816 1845 900 1873 cum
931 1833 975 1871 iis
1008 1834 1238 1876 Graecorum

127 1913 170 1943 et«
215 1904 470 1958 Romanorum
522 1913 808 1953 comparentur,
862 1905 1029 1952 quamvis
1080 1905 1237 1954 religio,

128 1976 254 2014 multis
288 1975 530 2023 nominibus,
581 1976 711 2024 purior
734 1985 783 2013 vet
817 1977 931 2024 magis
968 1976 1146 2014 laudanda
1188 1977 1237 2014 sit

127 2056 236 2093 quam
263 2045 428 2083 omnium
467 2045 615 2083 aliarum
654 2046 834 2094 gentium.
873 2046 1147 2095 *Quosjautern
1176 2048 1240 2085 ha-

127 2106 289 2153 buerunt
309 2115 510 2163 scriptores
538 2115 645 2164 pauci
669 2125 776 2163 sunt,
808 2115 949 2154 etiamsi
965 2116 1122 2166 Josephi
1145 2124 1238 2154 tem-

128 2196 220 2235 pore
253 2186 381 2239 plures
415 2185 586 2224 videntur
625 2184 742 2225 fuisse
774 2185 859 2224 libri
900 2186 1005 2225 etiam
1040 2186 1235 2233 historici,

131 2267 237 2304 quam
272 2267 349 2297 nos
374 2267 472 2296 nunc
510 2256 685 2297 habemus
717 2265 754 2296 et
797 2256 862 2305 qui
899 2257 1073 2296 incendio‘
1108 2257 1236 2306 templi

1177 2339 1239 2365 ur-
