1544 2693
268 179 339 216 104
487 162 1145 203 COMMENTATI'O

273 276 320 316 fis
337 302 350 322 ,
378 271 531 312 iubente
565 271 795 310 Frideric
811 283 833 309 o
860 272 926 310 111.
961 271 1022 311 Ex
1045 271 1091 309 iis
1109 301 1122 319 ‚
1150 283 1242 320 quae
1266 271 1304 309 in
1325 271 1384 310 ln·

275 345 394 386 troitu
429 341 552 392 (105)
588 340 824 388 notavimus,
856 341 924 379 iam
951 341 1197 388 intelligitur,
1236 340 1387 378 Electo-

279 427 355 454 rem
386 410 594 462 prospicere
618 409 806 457 voluisse,
833 422 909 449 non
941 421 1082 449 tantum
1112 410 1275 459 puincis
1295 411 1389 448 Pro-

281 481 491 522 testantium
529 479 777 518 conventibus
820 480 858 517 in
900 480 1131 527 Palatinatu,
1183 479 1243 518 sed
1280 478 1389 518 etiam

282 553 433 596 scholis.
487 551 600 589 Nunc
625 550 773 598 insuper
797 549 1154 589 animadvertendum
1178 558 1259 596 est,
1288 549 1393 588 Prin·

284 623 401 672 cipem
438 621 541 671 pium
583 620 736 670 primam
778 631 931 668 eamque
961 620 1194 670 praecipuam
1230 617 1397 667 posuisse

285 704 434 739 curam,
463 691 501 729 in
526 690 748 729 emendanda
775 690 970 738 disciplina
996 689 1228 728 scholastica.
1281 687 1397 738 Quod

289 772 331 801 ut
357 762 577 807 credamus,
627 759 768 798 faciunt
805 770 874 806 ea,
927 771 1022 807 quae
1053 760 1098 798 de
1128 758 1296 797 instituto
1329 756 1396 795 suo

290 831 366 880 ipse
394 831 700 871 Fridericus
738 828 926 877 professus
957 837 1012 868 est
1047 829 1084 866 in
1118 828 1298 877 Prolvgo,
1337 825 1397 864 his

290 901 436 940 ven-bist
490 900 575 950 Etfi
603 899 650 937 ab
684 901 730 937 iis
745 927 759 947 ‚
810 901 876 949 qui
914 912 974 937 nos
1008 900 1175 949 proxime
1204 895 1400 943 antecesse-

292 979 411 1016 runt,
435 991 488 999 —
510 990 565 998 —
600 971 713 1007 varia
749 969 898 1006 utiliter
929 977 963 1005 et
998 970 1056 1018 pie
1086 968 1256 1017 instituta
1278 965 1399 1014 sunt,

295 1037 349 1077 ad
373 1040 536 1088 gloriam
566 1037 642 1077 Dei
665 1037 925 1085 illustrandam
944 1065 958 1087 ‚
980 1047 1014 1075 et
1036 1039 1207 1088 populum
1232 1040 1274 1074 in
1294 1037 1401 1087 officio

294 1106 550 1147 retinendum:
576 1114 700 1146 tamen
723 1115 765 1144 ut
788 1107 854 1157 ipst
876 1108 917 1144 in
947 1109 1129 1158 principio
1163 1106 1403 1156 gubernatio·

294 1179 352 1216 nis
385 1187 534 1216 nostrae
558 1178 704 1227 experti
725 1175 879 1223 sumus,
907 1189 976 1214 non
1000 1190 1043 1214 ea
1068 1176 1237 1214 adbibita
1262 1184 1314 1214 est
1343 1173 1401 1212 di-

292 1246 451 1297 ligentia
485 1249 525 1283 in
549 1247 625 1284 illis
655 1246 899 1297 exequendis,
948 1255 982 1284 et
1018 1247 1071 1284 ad
1099 1247 1301 1285 utilitatem
1335 1256 1404 1297 pu-

295 1316 427 1355 blicam
451 1315 787 1363 accommodandis„
813 1319 925 1366 qua'm
946 1327 1022 1368 par
1033 1316 1171 1366 fuerat
1194 1318 1235 1354 in
1257 1328 1299 1354 re
1319 1325 1405 1354 tan·

297 1394 339 1424 ta
367 1385 551 1424 adhiberi.
615 1385 797 1435 Quocirca
839 1388 986 1424 minime
1031 1389 1166 1425 mirum
1201 1395 1276 1432 cst,
1306 1386 1341 1432 fi
1375 1387 1406 1423 ii

300 1457 366 1506 qui
384 1454 533 1505 sperati
565 1465 676 1492 erant
698 1456 857 1503 fructus
873 1483 886 1502 ,
925 1459 1066 1506 percipi
1089 1469 1160 1494 non
1186 1464 1402 1506 potuerunt.

298 1524 370 1563 His
401 1524 507 1562 rebus
532 1526 693 1575 permoti
712 1525 842 1572 sumus
856 1553 869 1572 ‚
909 1535 950 1564 ut
988 1539 1060 1563 non
1082 1525 1203 1571 sblum
1231 1537 1326 1574 quac
1359 1524 1407 1563 ab

297 1594 380 1646 ipsis
410 1597 505 1633 recte
534 1595 702 1645 instituta
733 1596 847 1643 essent
863 1623 876 1643 ,
904 1606 1158 1634 revocaremus
1180 1607 1224 1633 ac
1246 1595 1409 1641 restitue-

301 1675 447 1702 remus:
473 1676 599 1702 verum
632 1666 743 1704 etiam
758 1693 772 1712 ‚
799 1676 841 1702 ut
864 1678 959 1715 quae
984 1667 1103 1703 minus
1125 1664 1242 1713 firma
1269 1663 1407 1712 essent,

291 1735 516 1782 fulciremus
531 1762 544 1780 ‚
569 1748 667 1785 quae
681 1738 766 1775 verb
790 1744 970 1784 corrupta
991 1745 1026 1773 et
1047 1726 1256 1787 depravata
1269 1735 1406 1783 essent,

301 1816 346 1840 ea
374 1803 646 1843 emendaremus
683 1815 719 1844 et
748 1807 1030 1855 corrigeremus.
1083 1807 1260 1845 Iacebant
1297 1806 1406 1844 Scho-

303 1874 385 1920 lae,
432 1883 560 1912 tenera
582 1876 753 1914 iuventus
779 1876 1060 1927 negligebatur,
1110 1877 1217 1914 nulla
1249 1885 1334 1913 erat
1368 1877 1409 1913 in

302 1943 479 1992 religione
515 1945 732 1984 Christiana
765 1955 870 1984 certa
907 1956 942 1984 et
971 1947 1189 1993 consentiens
1215 1946 1408 1992 institutio.

301 2011 435 2063 Itaque
469 2015 528 2053 vel
558 2016 653 2053 male
688 2016 749 2054 vel
780 2015 834 2054 ad
864 2017 1006 2054 nullam
1040 2025 1180 2054 certam
1214 2027 1408 2062 normam,

296 2081 363 2128 sed
393 2082 446 2120 ad
476 2086 651 2134 cuiusque
680 2085 888 2123 ‚arbitrium
927 2087 1094 2125 iuventus
1139 2084 1407 2132 erudiebatur,

1353 2155 1414 2194 vel

341 2235 429 2270 (¹05)
454 2237 525 2266 Vid.
549 2238 652 2272 supra.
678 2246 742 2273 pag.
769 2246 802 2273 1,
825 2249 839 2268 2
864 2258 871 2265 .
