<?xml version="1.0" encoding="UTF-8"?>
<!DOCTYPE html PUBLIC "-//W3C//DTD XHTML 1.0 Transitional//EN"
    "http://www.w3.org/TR/xhtml1/DTD/xhtml1-transitional.dtd">
<html xmlns="http://www.w3.org/1999/xhtml" xml:lang="en" lang="en">
 <head>
  <title>
</title>
<meta http-equiv="Content-Type" content="text/html;charset=utf-8" />
  <meta name='ocr-system' content='tesseract 3.04.00' />
  <meta name='ocr-capabilities' content='ocr_page ocr_carea ocr_par ocr_line ocrx_word'/>
</head>
<body>
  <div class='ocr_page' id='page_1' title='image "annalesacademiae34rhen_0610.png"; bbox 0 0 1487 2703; ppageno 0'>
   <div class='ocr_carea' id='block_1_1' title="bbox 250 231 1130 284">
    <p class='ocr_par' dir='ltr' id='par_1_1' title="bbox 250 231 1130 284">
     <span class='ocr_line' id='line_1_1' title="bbox 250 231 1130 284; baseline -0.003 -10"><span class='ocrx_word' id='word_1_1' title='bbox 250 237 298 284; x_wconf 80' lang='lat'>76</span> <span class='ocrx_word' id='word_1_2' title='bbox 460 231 1130 273; x_wconf 79' lang='lat' dir='ltr'>COMMENTATIO</span> 
     </span>
    </p>
   </div>
   <div class='ocr_carea' id='block_1_2' title="bbox 233 340 1365 1998">
    <p class='ocr_par' dir='ltr' id='par_1_2' title="bbox 233 340 1365 1998">
     <span class='ocr_line' id='line_1_2' title="bbox 293 340 1359 390; baseline 0 -9"><span class='ocrx_word' id='word_1_3' title='bbox 293 343 391 381; x_wconf 84' lang='lat' dir='ltr'>Cum</span> <span class='ocrx_word' id='word_1_4' title='bbox 414 352 502 390; x_wconf 87' lang='lat' dir='ltr'>ergo</span> <span class='ocrx_word' id='word_1_5' title='bbox 531 340 712 379; x_wconf 83' lang='lat' dir='ltr'>Hebraica</span> <span class='ocrx_word' id='word_1_6' title='bbox 730 341 1014 379; x_wconf 56' lang='lat' dir='ltr'>dialectus‘tunc</span> <span class='ocrx_word' id='word_1_7' title='bbox 1036 341 1214 390; x_wconf 82' lang='lat' dir='ltr'>temporis</span> <span class='ocrx_word' id='word_1_8' title='bbox 1241 352 1359 381; x_wconf 82' lang='lat' dir='ltr'>emot-</span> 
     </span>
     <span class='ocr_line' id='line_1_3' title="bbox 241 410 1358 459; baseline 0.001 -10"><span class='ocrx_word' id='word_1_9' title='bbox 241 421 303 449; x_wconf 81' lang='lat' dir='ltr'>tua</span> <span class='ocrx_word' id='word_1_10' title='bbox 329 410 377 449; x_wconf 85' lang='lat' dir='ltr'>sit</span> <span class='ocrx_word' id='word_1_11' title='bbox 399 410 572 457; x_wconf 83' lang='lat' dir='ltr'>dicenda,</span> <span class='ocrx_word' id='word_1_12' title='bbox 601 419 638 448; x_wconf 83' lang='lat' dir='ltr'>et</span> <span class='ocrx_word' id='word_1_13' title='bbox 658 410 786 459; x_wconf 77' lang='lat' dir='ltr'>Judaei</span> <span class='ocrx_word' id='word_1_14' title='bbox 817 411 972 448; x_wconf 85' lang='lat' dir='ltr'>Aramea</span> <span class='ocrx_word' id='word_1_15' title='bbox 1007 419 1222 459; x_wconf 85' lang='lat' dir='ltr'>uterentur,</span> <span class='ocrx_word' id='word_1_16' title='bbox 1251 412 1358 450; x_wconf 85' lang='lat' dir='ltr'>etiam</span> 
     </span>
     <span class='ocr_line' id='line_1_4' title="bbox 239 480 1359 530; baseline 0.001 -11"><span class='ocrx_word' id='word_1_17' title='bbox 239 482 381 520; x_wconf 84' lang='lat' dir='ltr'>Graeca</span> <span class='ocrx_word' id='word_1_18' title='bbox 408 481 556 529; x_wconf 80' lang='lat' dir='ltr'>lingua,</span> <span class='ocrx_word' id='word_1_19' title='bbox 603 480 680 518; x_wconf 84' lang='lat' dir='ltr'>sive</span> <span class='ocrx_word' id='word_1_20' title='bbox 716 481 842 528; x_wconf 83' lang='lat' dir='ltr'>potius</span> <span class='ocrx_word' id='word_1_21' title='bbox 886 481 997 530; x_wconf 87' lang='lat' dir='ltr'>hujus</span> <span class='ocrx_word' id='word_1_22' title='bbox 1032 481 1191 528; x_wconf 87' lang='lat' dir='ltr'>linguae.</span> <span class='ocrx_word' id='word_1_23' title='bbox 1214 481 1359 529; x_wconf 81' lang='lat' dir='ltr'>aliquae</span> 
     </span>
     <span class='ocr_line' id='line_1_5' title="bbox 237 550 1355 600; baseline 0 -11"><span class='ocrx_word' id='word_1_24' title='bbox 237 552 437 596; x_wconf 60' lang='lat' dir='ltr'>(inlectus,</span> <span class='ocrx_word' id='word_1_25' title='bbox 465 551 524 588; x_wconf 84' lang='lat' dir='ltr'>hic</span> <span class='ocrx_word' id='word_1_26' title='bbox 560 559 596 588; x_wconf 89' lang='lat' dir='ltr'>et</span> <span class='ocrx_word' id='word_1_27' title='bbox 615 550 686 587; x_wconf 86' lang='lat' dir='ltr'>illic</span> <span class='ocrx_word' id='word_1_28' title='bbox 711 551 748 588; x_wconf 87' lang='lat' dir='ltr'>in</span> <span class='ocrx_word' id='word_1_29' title='bbox 776 551 976 588; x_wconf 82' lang='lat' dir='ltr'>Palaestina</span> <span class='ocrx_word' id='word_1_30' title='bbox 1002 551 1150 589; x_wconf 87' lang='lat' dir='ltr'>videtur</span> <span class='ocrx_word' id='word_1_31' title='bbox 1174 551 1355 600; x_wconf 84' lang='lat' dir='ltr'>viguisse.</span> 
     </span>
     <span class='ocr_line' id='line_1_6' title="bbox 237 621 1361 668; baseline -0.001 -9"><span class='ocrx_word' id='word_1_32' title='bbox 237 622 360 660; x_wconf 88' lang='lat' dir='ltr'>Multa</span> <span class='ocrx_word' id='word_1_33' title='bbox 389 623 514 658; x_wconf 85' lang='lat' dir='ltr'>saltem</span> <span class='ocrx_word' id='word_1_34' title='bbox 543 630 631 657; x_wconf 82' lang='lat' dir='ltr'>sunt</span> <span class='ocrx_word' id='word_1_35' title='bbox 666 621 912 668; x_wconf 84' lang='lat' dir='ltr'>documenta,</span> <span class='ocrx_word' id='word_1_36' title='bbox 940 632 1032 668; x_wconf 86' lang='lat' dir='ltr'>quae</span> <span class='ocrx_word' id='word_1_37' title='bbox 1063 632 1132 668; x_wconf 86' lang='lat' dir='ltr'>pro</span> <span class='ocrx_word' id='word_1_38' title='bbox 1171 621 1238 658; x_wconf 89' lang='lat' dir='ltr'>hac</span> <span class='ocrx_word' id='word_1_39' title='bbox 1274 631 1361 658; x_wconf 87' lang='lat' dir='ltr'>sen·</span> 
     </span>
     <span class='ocr_line' id='line_1_7' title="bbox 235 689 1359 740; baseline -0.001 -12"><span class='ocrx_word' id='word_1_40' title='bbox 235 690 350 729; x_wconf 88' lang='lat' dir='ltr'>tentia</span> <span class='ocrx_word' id='word_1_41' title='bbox 377 700 558 739; x_wconf 87' lang='lat' dir='ltr'><strong>pugnant.</strong></span> <span class='ocrx_word' id='word_1_42' title='bbox 586 712 640 720; x_wconf 92' lang='lat'>-</span> <span class='ocrx_word' id='word_1_43' title='bbox 668 690 728 728; x_wconf 88' lang='lat' dir='ltr'>Sic</span> <span class='ocrx_word' id='word_1_44' title='bbox 764 690 872 728; x_wconf 86' lang='lat' dir='ltr'>etiam</span> <span class='ocrx_word' id='word_1_45' title='bbox 900 690 1092 729; x_wconf 80' lang='lat' dir='ltr'>versiones</span> <span class='ocrx_word' id='word_1_46' title='bbox 1113 691 1186 740; x_wconf 87' lang='lat' dir='ltr'>jam</span> <span class='ocrx_word' id='word_1_47' title='bbox 1209 689 1359 728; x_wconf 84' lang='lat' dir='ltr'>aderant</span> 
     </span>
     <span class='ocr_line' id='line_1_8' title="bbox 236 759 1358 811; baseline 0.001 -15"><span class='ocrx_word' id='word_1_48' title='bbox 236 759 416 811; x_wconf 72' lang='lat' dir='ltr'>librorum</span> <span class='ocrx_word' id='word_1_49' title='bbox 445 760 494 798; x_wconf 90' lang='lat' dir='ltr'>V.</span> <span class='ocrx_word' id='word_1_50' title='bbox 522 759 568 799; x_wconf 89' lang='lat' dir='ltr'>F.</span> <span class='ocrx_word' id='word_1_51' title='bbox 598 759 636 797; x_wconf 92' lang='lat' dir='ltr'>in</span> <span class='ocrx_word' id='word_1_52' title='bbox 657 759 792 797; x_wconf 84' lang='lat' dir='ltr'>hancce</span> <span class='ocrx_word' id='word_1_53' title='bbox 818 759 1008 808; x_wconf 83' lang='lat' dir='ltr'><strong>linguam,</strong></span> <span class='ocrx_word' id='word_1_54' title='bbox 1037 771 1076 799; x_wconf 89' lang='lat' dir='ltr'>v.</span> <span class='ocrx_word' id='word_1_55' title='bbox 1105 770 1144 807; x_wconf 86' lang='lat' dir='ltr'>g.</span> <span class='ocrx_word' id='word_1_56' title='bbox 1174 771 1268 808; x_wconf 86' lang='lat' dir='ltr'>quae</span> <span class='ocrx_word' id='word_1_57' title='bbox 1302 759 1358 798; x_wconf 82' lang='lat' dir='ltr'>di·</span> 
     </span>
     <span class='ocr_line' id='line_1_9' title="bbox 235 828 1359 881; baseline 0.001 -14"><span class='ocrx_word' id='word_1_58' title='bbox 235 828 333 867; x_wconf 90' lang='lat' dir='ltr'>citur</span> <span class='ocrx_word' id='word_1_59' title='bbox 370 828 638 868; x_wconf 77' lang='lat' dir='ltr'>Alexandrina</span> <span class='ocrx_word' id='word_1_60' title='bbox 666 830 745 868; x_wconf 86' lang='lat' dir='ltr'>sive</span> <span class='ocrx_word' id='word_1_61' title='bbox 780 829 1053 881; x_wconf 77' lang='lat' dir='ltr'><em>Septuaginta,</em></span> <span class='ocrx_word' id='word_1_62' title='bbox 1082 839 1192 878; x_wconf 86' lang='lat' dir='ltr'>quam</span> <span class='ocrx_word' id='word_1_63' title='bbox 1226 828 1359 879; x_wconf 80' lang='lat' dir='ltr'>judaei</span> 
     </span>
     <span class='ocr_line' id='line_1_10' title="bbox 235 897 1358 948; baseline 0.001 -12"><span class='ocrx_word' id='word_1_64' title='bbox 235 897 380 937; x_wconf 86' lang='lat' dir='ltr'><strong>Graece</strong></span> <span class='ocrx_word' id='word_1_65' title='bbox 407 900 605 947; x_wconf 81' lang='lat' dir='ltr'>loquentes</span> <span class='ocrx_word' id='word_1_66' title='bbox 638 909 739 937; x_wconf 84' lang='lat' dir='ltr'>extra</span> <span class='ocrx_word' id='word_1_67' title='bbox 774 899 1013 938; x_wconf 77' lang='lat' dir='ltr'>Palaestinam</span> <span class='ocrx_word' id='word_1_68' title='bbox 1049 910 1119 948; x_wconf 87' lang='lat' dir='ltr'>pro</span> <span class='ocrx_word' id='word_1_69' title='bbox 1146 908 1249 938; x_wconf 87' lang='lat' dir='ltr'>textu</span> <span class='ocrx_word' id='word_1_70' title='bbox 1281 900 1358 937; x_wconf 82' lang='lat' dir='ltr'>He·</span> 
     </span>
     <span class='ocr_line' id='line_1_11' title="bbox 237 966 1359 1018; baseline 0.001 -12"><span class='ocrx_word' id='word_1_71' title='bbox 237 966 363 1006; x_wconf 88' lang='lat' dir='ltr'>braico</span> <span class='ocrx_word' id='word_1_72' title='bbox 404 968 612 1007; x_wconf 84' lang='lat' dir='ltr'>habuerunt</span> <span class='ocrx_word' id='word_1_73' title='bbox 652 969 733 1018; x_wconf 84' lang='lat'><em>(1).</em></span> <span class='ocrx_word' id='word_1_74' title='bbox 805 971 856 1007; x_wconf 88' lang='lat' dir='ltr'>At</span> <span class='ocrx_word' id='word_1_75' title='bbox 893 970 951 1008; x_wconf 87' lang='lat' dir='ltr'>vel</span> <span class='ocrx_word' id='word_1_76' title='bbox 988 970 1042 1008; x_wconf 89' lang='lat' dir='ltr'>sic</span> <span class='ocrx_word' id='word_1_77' title='bbox 1082 979 1201 1008; x_wconf 87' lang='lat' dir='ltr'>tamen</span> <span class='ocrx_word' id='word_1_78' title='bbox 1231 970 1359 1008; x_wconf 86' lang='lat' dir='ltr'>versio</span> 
     </span>
     <span class='ocr_line' id='line_1_12' title="bbox 238 1038 1360 1089; baseline 0 -12"><span class='ocrx_word' id='word_1_79' title='bbox 238 1038 299 1077; x_wconf 88' lang='lat' dir='ltr'>illa</span> <span class='ocrx_word' id='word_1_80' title='bbox 329 1039 500 1088; x_wconf 83' lang='lat' dir='ltr'>Graeca,</span> <span class='ocrx_word' id='word_1_81' title='bbox 535 1040 690 1089; x_wconf 84' lang='lat' dir='ltr'>Josephi</span> <span class='ocrx_word' id='word_1_82' title='bbox 726 1048 921 1087; x_wconf 86' lang='lat' dir='ltr'>tempore,</span> <span class='ocrx_word' id='word_1_83' title='bbox 962 1039 1126 1077; x_wconf 88' lang='lat' dir='ltr'>nondum</span> <span class='ocrx_word' id='word_1_84' title='bbox 1162 1040 1262 1087; x_wconf 88' lang='lat' dir='ltr'>apud</span> <span class='ocrx_word' id='word_1_85' title='bbox 1292 1039 1360 1089; x_wconf 82' lang='lat' dir='ltr'>Ju-</span> 
     </span>
     <span class='ocr_line' id='line_1_13' title="bbox 235 1108 1360 1167; baseline 0.001 -21"><span class='ocrx_word' id='word_1_86' title='bbox 235 1109 345 1147; x_wconf 85' lang='lat' dir='ltr'>daeos</span> <span class='ocrx_word' id='word_1_87' title='bbox 385 1108 693 1148; x_wconf 83' lang='lat' dir='ltr'>Palaestinenses&#39;</span> <span class='ocrx_word' id='word_1_88' title='bbox 711 1108 856 1158; x_wconf 86' lang='lat' dir='ltr'>vigebat</span> <span class='ocrx_word' id='word_1_89' title='bbox 870 1121 890 1167; x_wconf 33' lang='lat'>3¹</span> <span class='ocrx_word' id='word_1_90' title='bbox 912 1119 1070 1156; x_wconf 87' lang='lat' dir='ltr'>namque</span> <span class='ocrx_word' id='word_1_91' title='bbox 1104 1108 1200 1147; x_wconf 89' lang='lat' dir='ltr'><strong>haud</strong></span> <span class='ocrx_word' id='word_1_92' title='bbox 1222 1108 1260 1146; x_wconf 87' lang='lat' dir='ltr'>in</span> <span class='ocrx_word' id='word_1_93' title='bbox 1290 1109 1360 1147; x_wconf 91' lang='lat' dir='ltr'>ho-</span> 
     </span>
     <span class='ocr_line' id='line_1_14' title="bbox 236 1177 1365 1227; baseline 0.001 -11"><span class='ocrx_word' id='word_1_94' title='bbox 236 1190 329 1217; x_wconf 84' lang='lat' dir='ltr'>nore</span> <span class='ocrx_word' id='word_1_95' title='bbox 373 1179 445 1217; x_wconf 89' lang='lat' dir='ltr'>fuit</span> <span class='ocrx_word' id='word_1_96' title='bbox 486 1181 581 1217; x_wconf 88' lang='lat' dir='ltr'>inter</span> <span class='ocrx_word' id='word_1_97' title='bbox 627 1179 739 1225; x_wconf 64' lang='lat' dir='ltr'>illos5</span> <span class='ocrx_word' id='word_1_98' title='bbox 794 1178 880 1227; x_wconf 87' lang='lat' dir='ltr'>quia</span> <span class='ocrx_word' id='word_1_99' title='bbox 925 1179 1098 1227; x_wconf 83' lang='lat' dir='ltr'>superbia</span> <span class='ocrx_word' id='word_1_100' title='bbox 1135 1177 1195 1216; x_wconf 87' lang='lat' dir='ltr'>illa</span> <span class='ocrx_word' id='word_1_101' title='bbox 1233 1178 1365 1217; x_wconf 80' lang='lat' dir='ltr'>etiam·</span> 
     </span>
     <span class='ocr_line' id='line_1_15' title="bbox 236 1247 1356 1297; baseline 0 -11"><span class='ocrx_word' id='word_1_102' title='bbox 236 1260 326 1286; x_wconf 87' lang='lat' dir='ltr'>num</span> <span class='ocrx_word' id='word_1_103' title='bbox 361 1250 510 1295; x_wconf 76' lang='lat' dir='ltr'>aderat,</span> <span class='ocrx_word' id='word_1_104' title='bbox 539 1249 613 1286; x_wconf 85' lang='lat' dir='ltr'>imo</span> <span class='ocrx_word' id='word_1_105' title='bbox 645 1257 733 1296; x_wconf 90' lang='lat' dir='ltr'>post</span> <span class='ocrx_word' id='word_1_106' title='bbox 770 1248 1035 1297; x_wconf 84' lang='lat' dir='ltr'>Hierosolyma</span> <span class='ocrx_word' id='word_1_107' title='bbox 1072 1247 1192 1286; x_wconf 87' lang='lat' dir='ltr'>diruta</span> <span class='ocrx_word' id='word_1_108' title='bbox 1231 1247 1356 1287; x_wconf 85' lang='lat' dir='ltr'>etiarn-</span> 
     </span>
     <span class='ocr_line' id='line_1_16' title="bbox 237 1317 1355 1366; baseline -0.003 -8"><span class='ocrx_word' id='word_1_109' title='bbox 237 1331 326 1358; x_wconf 81' lang='lat' dir='ltr'>num</span> <span class='ocrx_word' id='word_1_110' title='bbox 357 1328 455 1358; x_wconf 77' lang='lat' dir='ltr'>tanta</span> <span class='ocrx_word' id='word_1_111' title='bbox 490 1328 566 1357; x_wconf 81' lang='lat' dir='ltr'>erat</span> <span class='ocrx_word' id='word_1_112' title='bbox 592 1329 632 1356; x_wconf 87' lang='lat' dir='ltr'>ut</span> <span class='ocrx_word' id='word_1_113' title='bbox 662 1318 818 1356; x_wconf 85' lang='lat' dir='ltr'>Hebraei</span> <span class='ocrx_word' id='word_1_114' title='bbox 847 1318 958 1355; x_wconf 86' lang='lat' dir='ltr'>modo</span> <span class='ocrx_word' id='word_1_115' title='bbox 984 1317 1091 1365; x_wconf 86' lang='lat' dir='ltr'>pauci</span> <span class='ocrx_word' id='word_1_116' title='bbox 1115 1318 1218 1355; x_wconf 86' lang='lat' dir='ltr'>aliam</span> <span class='ocrx_word' id='word_1_117' title='bbox 1244 1328 1355 1366; x_wconf 88' lang='lat' dir='ltr'><strong>quam</strong></span> 
     </span>
     <span class='ocr_line' id='line_1_17' title="bbox 237 1386 1356 1437; baseline -0.002 -9"><span class='ocrx_word' id='word_1_118' title='bbox 237 1402 339 1428; x_wconf 88' lang='lat' dir='ltr'>suam</span> <span class='ocrx_word' id='word_1_119' title='bbox 379 1391 536 1437; x_wconf 84' lang='lat' dir='ltr'>linguam</span> <span class='ocrx_word' id='word_1_120' title='bbox 580 1389 720 1426; x_wconf 83' lang='lat' dir='ltr'>discere</span> <span class='ocrx_word' id='word_1_121' title='bbox 756 1388 918 1433; x_wconf 85' lang='lat' dir='ltr'>vellent,</span> <span class='ocrx_word' id='word_1_122' title='bbox 971 1386 1042 1424; x_wconf 86' lang='lat' dir='ltr'>nisi</span> <span class='ocrx_word' id='word_1_123' title='bbox 1081 1387 1356 1426; x_wconf 84' lang='lat' dir='ltr'>necessitudine</span> 
     </span>
     <span class='ocr_line' id='line_1_18' title="bbox 234 1456 1352 1507; baseline -0.003 -9"><span class='ocrx_word' id='word_1_124' title='bbox 234 1460 352 1498; x_wconf 86' lang='lat' dir='ltr'>coacti</span> <span class='ocrx_word' id='word_1_125' title='bbox 380 1459 461 1507; x_wconf 83' lang='lat'><strong>(2).</strong></span> <span class='ocrx_word' id='word_1_126' title='bbox 518 1459 578 1496; x_wconf 88' lang='lat' dir='ltr'>Sic</span> <span class='ocrx_word' id='word_1_127' title='bbox 607 1457 795 1507; x_wconf 87' lang='lat' dir='ltr'>Josephus</span> <span class='ocrx_word' id='word_1_128' title='bbox 830 1464 952 1494; x_wconf 86' lang='lat' dir='ltr'>narrat</span> <span class='ocrx_word' id='word_1_129' title='bbox 990 1456 1029 1493; x_wconf 91' lang='lat' dir='ltr'>in</span> <span class='ocrx_word' id='word_1_130' title='bbox 1054 1457 1143 1498; x_wconf 79' lang='lat' dir='ltr'>Ant.</span> <span class='ocrx_word' id='word_1_131' title='bbox 1170 1457 1256 1495; x_wconf 88' lang='lat' dir='ltr'>XX.</span> <span class='ocrx_word' id='word_1_132' title='bbox 1290 1469 1352 1497; x_wconf 89' lang='lat'>11.</span> 
     </span>
     <span class='ocr_line' id='line_1_19' title="bbox 235 1516 1351 1578; baseline 0 -11"><span class='ocrx_word' id='word_1_133' title='bbox 235 1532 271 1578; x_wconf 83' lang='lat'>§.</span> <span class='ocrx_word' id='word_1_134' title='bbox 303 1541 346 1567; x_wconf 81' lang='lat'>2:</span> <span class='ocrx_word' id='word_1_135' title='bbox 386 1533 469 1578; x_wconf 61' lang='grc' dir='ltr'>παρ’</span> <span class='ocrx_word' id='word_1_136' title='bbox 503 1532 584 1576; x_wconf 78' lang='grc' dir='ltr'><em>ἡμῖν</em></span> <span class='ocrx_word' id='word_1_137' title='bbox 606 1527 686 1576; x_wconf 59' lang='grc' dir='ltr'>’γὰρ</span> <span class='ocrx_word' id='word_1_138' title='bbox 721 1516 782 1567; x_wconf 76' lang='grc' dir='ltr'>οὐκ</span> <span class='ocrx_word' id='word_1_139' title='bbox 816 1527 962 1569; x_wconf 80' lang='grc' dir='ltr'><em>ἐκείνους</em></span> <span class='ocrx_word' id='word_1_140' title='bbox 996 1526 1236 1574; x_wconf 65' lang='grc' dir='ltr'><em>ἀποδέχονται</em></span> <span class='ocrx_word' id='word_1_141' title='bbox 1271 1528 1351 1571; x_wconf 82' lang='grc' dir='ltr'>τοὺς</span> 
     </span>
     <span class='ocr_line' id='line_1_20' title="bbox 233 1595 1350 1645; baseline -0.005 -5"><span class='ocrx_word' id='word_1_142' title='bbox 233 1605 373 1641; x_wconf 78' lang='grc' dir='ltr'><em>πολλῶν</em></span> <span class='ocrx_word' id='word_1_143' title='bbox 400 1601 498 1638; x_wconf 80' lang='grc' dir='ltr'><em>ἐθνῶν</em></span> <span class='ocrx_word' id='word_1_144' title='bbox 523 1599 708 1638; x_wconf 68' lang='grc' dir='ltr'><em>διάλεκτον</em></span> <span class='ocrx_word' id='word_1_145' title='bbox 740 1596 980 1644; x_wconf 65' lang='grc' dir='ltr'>ἐκμαθόντας,</span> <span class='ocrx_word' id='word_1_146' title='bbox 1010 1595 1069 1634; x_wconf 61' lang='lat' dir='ltr'>uon)</span> <span class='ocrx_word' id='word_1_147' title='bbox 1095 1598 1350 1645; x_wconf 63' lang='grc' dir='ltr'>γλαφυρόν-ηπ</span> 
     </span>
     <span class='ocr_line' id='line_1_21' title="bbox 234 1663 1352 1718; baseline -0.005 -7"><span class='ocrx_word' id='word_1_148' title='bbox 234 1673 361 1718; x_wconf 79' lang='grc' dir='ltr'><em>λέξεων</em></span> <span class='ocrx_word' id='word_1_149' title='bbox 395 1671 454 1709; x_wconf 71' lang='grc' dir='ltr'>τον</span> <span class='ocrx_word' id='word_1_150' title='bbox 484 1669 590 1715; x_wconf 70' lang='grc' dir='ltr'><em>λόγον</em></span> <span class='ocrx_word' id='word_1_151' title='bbox 615 1667 946 1715; x_wconf 77' lang='grc' dir='ltr'><em>ἐπικομψεύοντοις,</em></span> <span class='ocrx_word' id='word_1_152' title='bbox 974 1667 1096 1705; x_wconf 56' lang='lat' dir='ltr'>biber&amp;</span> <span class='ocrx_word' id='word_1_153' title='bbox 1124 1667 1231 1705; x_wconf 77' lang='grc' dir='ltr'><em>κοινὸν</em></span> <span class='ocrx_word' id='word_1_154' title='bbox 1262 1663 1352 1706; x_wconf 72' lang='grc' dir='ltr'><em>εἶναι</em></span> 
     </span>
     <span class='ocr_line' id='line_1_22' title="bbox 234 1736 1348 1790; baseline -0.005 -9"><span class='ocrx_word' id='word_1_155' title='bbox 234 1742 381 1790; x_wconf 80' lang='grc' dir='ltr'><em>νομίζειν</em></span> <span class='ocrx_word' id='word_1_156' title='bbox 417 1741 457 1780; x_wconf 77' lang='grc' dir='ltr'>τὸ</span> <span class='ocrx_word' id='word_1_157' title='bbox 482 1740 703 1785; x_wconf 67' lang='grc' dir='ltr'><em>ἐπιτήδευμα</em></span> <span class='ocrx_word' id='word_1_158' title='bbox 729 1739 825 1776; x_wconf 78' lang='grc' dir='ltr'><em>τοῦτ’</em></span> <span class='ocrx_word' id='word_1_159' title='bbox 852 1738 914 1775; x_wconf 77' lang='grc' dir='ltr'>οὐκ</span> <span class='ocrx_word' id='word_1_160' title='bbox 940 1736 1121 1784; x_wconf 77' lang='grc' dir='ltr'><em>ἐλευθέρων</em></span> <span class='ocrx_word' id='word_1_161' title='bbox 1148 1736 1251 1783; x_wconf 81' lang='grc' dir='ltr'><em>μόνον</em></span> <span class='ocrx_word' id='word_1_162' title='bbox 1275 1741 1348 1780; x_wconf 78' lang='grc' dir='ltr'><em>τοῖς</em></span> 
     </span>
     <span class='ocr_line' id='line_1_23' title="bbox 233 1806 1347 1859; baseline -0.004 -9"><span class='ocrx_word' id='word_1_163' title='bbox 233 1814 430 1859; x_wconf 76' lang='grc' dir='ltr'><em>τυχοῦσιν,</em></span> <span class='ocrx_word' id='word_1_164' title='bbox 467 1809 568 1849; x_wconf 68' lang='grc' dir='ltr'>ἀλλὰ</span> <span class='ocrx_word' id='word_1_165' title='bbox 593 1808 653 1846; x_wconf 65' lang='lat' dir='ltr'>ua}</span> <span class='ocrx_word' id='word_1_166' title='bbox 688 1810 754 1846; x_wconf 73' lang='grc' dir='ltr'>τῶν</span> <span class='ocrx_word' id='word_1_167' title='bbox 779 1808 917 1846; x_wconf 78' lang='grc' dir='ltr'><em>οἰκετῶν</em></span> <span class='ocrx_word' id='word_1_168' title='bbox 942 1812 1013 1850; x_wconf 82' lang='grc' dir='ltr'><em>τοῖς</em></span> <span class='ocrx_word' id='word_1_169' title='bbox 1037 1807 1202 1845; x_wconf 78' lang='grc' dir='ltr'><em>θέλουσιν·</em></span> <span class='ocrx_word' id='word_1_170' title='bbox 1231 1806 1347 1854; x_wconf 72' lang='grc' dir='ltr'><em>μόνοις</em></span> 
     </span>
     <span class='ocr_line' id='line_1_24' title="bbox 234 1876 1350 1929; baseline -0.006 -8"><span class='ocrx_word' id='word_1_171' title='bbox 234 1883 270 1922; x_wconf 75' lang='grc' dir='ltr'>δὲ</span> <span class='ocrx_word' id='word_1_172' title='bbox 298 1882 427 1929; x_wconf 57' lang='lat' dir='ltr'>&lt;remim</span> <span class='ocrx_word' id='word_1_173' title='bbox 451 1881 663 1928; x_wconf 64' lang='grc' dir='ltr'><em>μαρτυροῦσι</em></span> <span class='ocrx_word' id='word_1_174' title='bbox 685 1883 757 1920; x_wconf 80' lang='grc' dir='ltr'><em>τοῖς</em></span> <span class='ocrx_word' id='word_1_175' title='bbox 790 1878 839 1915; x_wconf 70' lang='grc' dir='ltr'>τοὶ</span> <span class='ocrx_word' id='word_1_176' title='bbox 870 1876 1003 1924; x_wconf 74' lang='grc' dir='ltr'><em>νόμιμοι</em></span> <span class='ocrx_word' id='word_1_177' title='bbox 1036 1879 1161 1925; x_wconf 68' lang='grc' dir='ltr'><em>σαφῶς</em></span> <span class='ocrx_word' id='word_1_178' title='bbox 1197 1877 1350 1916; x_wconf 62' lang='grc' dir='ltr'><em>ἔπιον-οε·</em></span> 
     </span>
     <span class='ocr_line' id='line_1_25' title="bbox 234 1946 1350 1998; baseline -0.005 -8"><span class='ocrx_word' id='word_1_179' title='bbox 234 1951 370 1998; x_wconf 82' lang='grc' dir='ltr'><em>μένοις,</em></span> <span class='ocrx_word' id='word_1_180' title='bbox 409 1950 468 1989; x_wconf 64' lang='lat' dir='ltr'>ma&gt;</span> <span class='ocrx_word' id='word_1_181' title='bbox 493 1950 556 1993; x_wconf 68' lang='grc' dir='ltr'>τὴν</span> <span class='ocrx_word' id='word_1_182' title='bbox 590 1951 656 1987; x_wconf 80' lang='grc' dir='ltr'>τῶν</span> <span class='ocrx_word' id='word_1_183' title='bbox 684 1949 776 1995; x_wconf 79' lang='grc' dir='ltr'><em>ἱερῶν</em></span> <span class='ocrx_word' id='word_1_184' title='bbox 811 1946 1038 1995; x_wconf 68' lang='grc' dir='ltr'><em>γραμμάτων</em></span> <span class='ocrx_word' id='word_1_185' title='bbox 1076 1946 1222 1994; x_wconf 67' lang='grc' dir='ltr'><em>δύναμιν</em></span> <span class='ocrx_word' id='word_1_186' title='bbox 1245 1947 1350 1994; x_wconf 77' lang='grc' dir='ltr'><em>ἑρμνι·</em></span> 
     </span>
    </p>
   </div>
   <div class='ocr_carea' id='block_1_3' title="bbox 234 2017 1353 2296">
    <p class='ocr_par' dir='ltr' id='par_1_3' title="bbox 234 2017 1353 2296">
     <span class='ocr_line' id='line_1_26' title="bbox 235 2017 1309 2103; baseline -0.008 -44"><span class='ocrx_word' id='word_1_187' title='bbox 235 2023 354 2059; x_wconf 80' lang='grc' dir='ltr'><em>νεῦσοιι</em></span> <span class='ocrx_word' id='word_1_188' title='bbox 385 2020 585 2066; x_wconf 61' lang='grc' dir='ltr'><em>δυναμένοις</em></span> <span class='ocrx_word' id='word_1_189' title='bbox 614 2017 697 2066; x_wconf 74' lang='grc'>(3).</span> <span class='ocrx_word' id='word_1_190' title='bbox 1293 2065 1309 2103; x_wconf 79' lang='lat' dir='ltr'>I</span> 
     </span>
     <span class='ocr_line' id='line_1_27' title="bbox 1311 2075 1352 2102; baseline 0 -7"><span class='ocrx_word' id='word_1_191' title='bbox 1311 2075 1352 2102; x_wconf 81' lang='lat' dir='ltr'>n-</span> 
     </span>
     <span class='ocr_line' id='line_1_28' title="bbox 275 2139 1201 2183; baseline -0.005 -9"><span class='ocrx_word' id='word_1_192' title='bbox 275 2145 328 2183; x_wconf 73' lang='grc' dir='ltr'>(ι)</span> <span class='ocrx_word' id='word_1_193' title='bbox 349 2145 400 2174; x_wconf 90' lang='lat' dir='ltr'>Cf.</span> <span class='ocrx_word' id='word_1_194' title='bbox 422 2146 459 2172; x_wconf 82' lang='lat' dir='ltr'>de</span> <span class='ocrx_word' id='word_1_195' title='bbox 485 2144 627 2172; x_wconf 83' lang='lat' dir='ltr'>versione</span> <span class='ocrx_word' id='word_1_196' title='bbox 655 2141 857 2171; x_wconf 77' lang='lat' dir='ltr'>Alexandrina</span> <span class='ocrx_word' id='word_1_197' title='bbox 882 2143 950 2179; x_wconf 81' lang='lat' dir='ltr'>Jos¹</span> <span class='ocrx_word' id='word_1_198' title='bbox 980 2142 1054 2169; x_wconf 86' lang='lat' dir='ltr'>Ant.</span> <span class='ocrx_word' id='word_1_199' title='bbox 1081 2139 1144 2169; x_wconf 84' lang='grc' dir='ltr'>ΧΠ,</span> <span class='ocrx_word' id='word_1_200' title='bbox 1170 2149 1201 2169; x_wconf 79' lang='lat'>2·</span> 
     </span>
     <span class='ocr_line' id='line_1_29' title="bbox 274 2196 1347 2241; baseline -0.007 -10"><span class='ocrx_word' id='word_1_201' title='bbox 274 2207 328 2241; x_wconf 65' lang='lat'>(2)</span> <span class='ocrx_word' id='word_1_202' title='bbox 349 2201 407 2231; x_wconf 86' lang='lat' dir='ltr'>Cff.</span> <span class='ocrx_word' id='word_1_203' title='bbox 430 2203 466 2230; x_wconf 88' lang='lat' dir='ltr'>de</span> <span class='ocrx_word' id='word_1_204' title='bbox 486 2202 569 2230; x_wconf 88' lang='lat' dir='ltr'>hisce</span> <span class='ocrx_word' id='word_1_205' title='bbox 588 2200 725 2229; x_wconf 85' lang='lat' dir='ltr'>omnibus</span> <span class='ocrx_word' id='word_1_206' title='bbox 735 2199 914 2233; x_wconf 75' lang='lat' dir='ltr'>Hottinger,</span> <span class='ocrx_word' id='word_1_207' title='bbox 933 2197 965 2226; x_wconf 90' lang='lat' dir='ltr'>in</span> <span class='ocrx_word' id='word_1_208' title='bbox 983 2198 1077 2226; x_wconf 81' lang='lat' dir='ltr'>Thes.</span> <span class='ocrx_word' id='word_1_209' title='bbox 1098 2196 1208 2226; x_wconf 83' lang='lat' dir='ltr'>Philol.</span> <span class='ocrx_word' id='word_1_210' title='bbox 1231 2205 1263 2232; x_wconf 83' lang='lat' dir='ltr'>p.</span> <span class='ocrx_word' id='word_1_211' title='bbox 1277 2204 1347 2234; x_wconf 78' lang='lat'>354.</span> 
     </span>
     <span class='ocr_line' id='line_1_30' title="bbox 234 2253 1353 2296; baseline -0.004 -7"><span class='ocrx_word' id='word_1_212' title='bbox 234 2260 500 2294; x_wconf 70' lang='lat' dir='ltr'>BuXtorf,Synag.</span> <span class='ocrx_word' id='word_1_213' title='bbox 522 2259 592 2296; x_wconf 86' lang='lat' dir='ltr'><strong>Jud.</strong></span> <span class='ocrx_word' id='word_1_214' title='bbox 610 2266 639 2287; x_wconf 88' lang='lat' dir='ltr'>c.</span> <span class='ocrx_word' id='word_1_215' title='bbox 664 2267 690 2287; x_wconf 87' lang='lat'>1.</span> <span class='ocrx_word' id='word_1_216' title='bbox 715 2256 929 2291; x_wconf 79' lang='lat' dir='ltr'>casaubonus,</span> <span class='ocrx_word' id='word_1_217' title='bbox 950 2253 1085 2284; x_wconf 82' lang='lat' dir='ltr'>Exercit.</span> <span class='ocrx_word' id='word_1_218' title='bbox 1104 2255 1140 2283; x_wconf 87' lang='lat' dir='ltr'>ad</span> <span class='ocrx_word' id='word_1_219' title='bbox 1160 2255 1269 2283; x_wconf 80' lang='lat' dir='ltr'>Annal.</span> <span class='ocrx_word' id='word_1_220' title='bbox 1283 2255 1353 2288; x_wconf 32' lang='lat' dir='ltr'>Eat.-</span> 
     </span>
    </p>
   </div>
   <div class='ocr_carea' id='block_1_4' title="bbox 235 2312 1049 2352">
    <p class='ocr_par' dir='ltr' id='par_1_4' title="bbox 235 2312 1049 2352">
     <span class='ocr_line' id='line_1_31' title="bbox 235 2312 1049 2352; baseline -0.007 -6"><span class='ocrx_word' id='word_1_221' title='bbox 235 2319 274 2347; x_wconf 87' lang='lat'>11.</span> <span class='ocrx_word' id='word_1_222' title='bbox 298 2325 326 2346; x_wconf 88' lang='lat' dir='ltr'>n.</span> <span class='ocrx_word' id='word_1_223' title='bbox 349 2325 394 2352; x_wconf 83' lang='lat'>19.</span> <span class='ocrx_word' id='word_1_224' title='bbox 588 2315 641 2352; x_wconf 79' lang='lat'>(3)</span> <span class='ocrx_word' id='word_1_225' title='bbox 662 2313 711 2343; x_wconf 88' lang='lat' dir='ltr'>Cf.</span> <span class='ocrx_word' id='word_1_226' title='bbox 733 2315 806 2342; x_wconf 86' lang='lat' dir='ltr'>Ant.</span> <span class='ocrx_word' id='word_1_227' title='bbox 829 2313 894 2342; x_wconf 49' lang='lat' dir='ltr'>XX&lt;</span> <span class='ocrx_word' id='word_1_228' title='bbox 914 2318 958 2342; x_wconf 76' lang='grc' dir='ltr'>ιι.</span> <span class='ocrx_word' id='word_1_229' title='bbox 977 2312 1004 2348; x_wconf 77' lang='lat' dir='ltr'>S.</span> <span class='ocrx_word' id='word_1_230' title='bbox 1021 2319 1049 2340; x_wconf 88' lang='lat'>2·</span> 
     </span>
    </p>
   </div>
  </div>
 </body>
</html>
