1487 2703
222 204 271 238 42
431 185 1098 228 COMMENTATIO

225 282 286 337 tus
310 306 389 335 est:
417 296 480 333 ubi
510 307 593 333 cum
620 304 742 341 esset,
771 295 890 342 Silas,
920 297 985 345 qui
1014 296 1210 337 Tiberiade
1233 307 1335 346 erat,

221 369 255 407 ei
290 367 390 406 misit
427 368 577 413 literas,
604 365 744 413 quibus
782 365 935 413 scripsit
971 377 1015 403 eo
1052 367 1197 406 venisse
1222 367 1338 418 Jona-

219 439 366 476 thanem
395 449 479 475 cum
510 436 662 485 collegis
682 464 695 483 ,
733 445 769 473 et
806 436 898 474 hanc
931 436 980 474 ob
1010 447 1085 474 rem
1116 437 1195 487 ejus
1231 448 1338 486 prae-

220 509 337 547 sentia
367 507 406 544 in
443 507 510 545 hac
542 506 633 543 urbe
669 507 821 544 omnino
858 517 955 555 opus
989 517 1088 546 esse.
1138 507 1335 547 Continuo

217 590 307 626 ergo
336 577 526 628 Josephus
562 576 789 615 Tiberiaden
827 576 1020 625 profectus
1055 585 1138 624 est,
1164 585 1203 615 et
1232 589 1253 615 a
1285 578 1339 615 le·

219 648 314 697 gatis
349 646 506 685 comiter
543 647 725 685 salutatus
772 656 853 694 est;
907 647 1130 686 simulabant
1165 646 1263 685 enim
1294 658 1336 685 se

216 717 342 757 laetari
363 726 400 755 et
425 718 572 755 beatum
600 728 682 755 eum
708 717 991 765 praedicabant,
1019 717 1124 765 quod
1148 725 1222 756 tarn
1244 725 1338 756 stre·

219 801 292 827 nue
324 800 365 826 se
389 788 566 835 gessisset
593 789 631 824 in
661 787 773 825 rebus
804 787 989 826 Galilaeae
1012 787 1335 834 administrandis;

219 871 303 897 eum
338 868 457 897 tamen
494 857 672 906 rogabant
695 867 737 894 ut
762 857 800 894 in
830 856 941 895 aliurn
975 858 1099 895 locum
1125 857 1340 905 proficisce-

218 938 343 976 retur,
388 928 476 976 quia
501 926 776 964 incrastinum
813 927 909 964 diem
945 927 1173 965 Sabbathum
1199 925 1338 964 incide·

220 1000 309 1046 bat,
345 1008 382 1036 et
422 1007 510 1035 tunc
551 995 658 1033 facile
697 995 855 1041 seditio,
894 996 959 1033 illo
995 1004 1217 1044 praesente,
1243 995 1334 1034 oriri

219 1078 366 1118 posset.
413 1067 605 1115 Josephus
640 1076 729 1115 ergo
756 1065 956 1104 Taricheas
992 1077 1033 1104 se
1060 1065 1244 1113 contulit,
1277 1065 1336 1104 ni-

218 1140 271 1177 hil
303 1136 387 1176 maii
415 1136 657 1186 suspicatus,
699 1135 836 1173 relictis
867 1144 988 1173 tamen
1017 1136 1242 1184 nonnullis,
1267 1135 1335 1183 qui

217 1209 340 1246 omnia
374 1206 611 1253 nuntiarent,
648 1218 742 1253 quae
774 1207 898 1244 locum
924 1200 1133 1244 ·haberent.‘
1174 1205 1249 1244 Die
1273 1216 1335 1244 se·

219 1279 348 1326 quenti
378 1277 574 1329 Tiberiade
618 1287 748 1315 omnes
785 1276 1002 1325 congregati
1038 1286 1128 1315 sunt
1168 1277 1207 1314 in
1244 1276 1337 1315 Pro·

218 1349 417 1394 seucham,
450 1346 516 1384 ubi
546 1346 724 1395 Jonathas
760 1346 965 1394 exposuit,
1000 1357 1097 1394 opus
1129 1357 1211 1384 esse
1239 1345 1333 1384 civi-

216 1418 282 1456 tati
311 1418 463 1454 meliore
486 1417 608 1464 duce;
630 1416 764 1465 Justus
791 1427 879 1453 vero
914 1425 949 1453 et
981 1415 1091 1465 Jesus
1125 1415 1329 1453 calumnias

210 1487 379 1539 Josepho
409 1486 644 1536 injiciebant,
687 1486 767 1534 eJus
798 1485 1076 1533 abrogationem
1109 1484 1336 1532 cupientes,

216 1568 253 1595 et
289 1566 388 1596 certe
419 1556 555 1594 seditio
592 1564 673 1594 orta
710 1564 835 1601 esset,
862 1555 935 1593 nisi
960 1563 1109 1604 tempus
1132 1554 1172 1593 id
1195 1554 1335 1593 vetuis-

214 1637 284 1666 set.
347 1627 418 1665 Die
447 1626 618 1674 sequenti
657 1638 741 1664 cum
777 1626 910 1663 iterum
952 1625 1169 1674 congregati
1208 1634 1332 1663 essent

213 1700 258 1737 ad
295 1698 514 1736 seditionem
547 1706 675 1734 contra
712 1696 919 1745 Josephum
964 1697 1217 1742 movendam,
1270 1695 1329 1741 is,

213 1770 280 1816 qui
311 1768 434 1806 omnia
465 1766 653 1805 audiverat
684 1778 703 1803 a
734 1765 832 1811 Sila,
869 1764 997 1803 subito
1037 1764 1090 1802 ibi
1122 1763 1331 1811 conspicie-

212 1840 336 1876 batur.
415 1837 547 1885 Legati
593 1846 713 1874 autetn
749 1836 824 1873 cito
859 1835 1000 1882 aliquid
1041 1834 1327 1885 excogitarunt,

214 1920 291 1956 quo
317 1920 399 1945 eum
422 1908 466 1945 ab
491 1907 583 1944 urbe
609 1915 764 1955 possent
787 1915 976 1944 removere
998 1914 1034 1943 et
1053 1905 1192 1942 causati
1215 1913 1328 1951 sunt,

214 1978 408 2016 Romanos
441 1976 576 2014 milites
612 1975 714 2013 visos
739 1985 821 2012 esse
847 1975 884 2012 in
919 1973 1022 2012 urbis
1047 1972 1218 2011 confiniis
1235 2000 1248 2020 ,
1275 1972 1327 2010 ita

215 2058 257 2086 ut
285 2046 444 2097 Josephi
492 2053 588 2084 esset
632 2056 762 2083 contra
805 2056 870 2082 eos
914 2056 998 2082 cum
1042 2042 1162 2091 copiis
1211 2041 1325 2081 exire.

215 2117 402 2167 Egressus
435 2124 491 2154 est
517 2115 735 2165 Josephus,
788 2116 854 2152 secl
888 2126 973 2152 cum
1005 2114 1050 2152 ad
1085 2115 1209 2150 locum
1241 2123 1326 2162 perf

216 2189 379 2226 venisset
413 2186 638 2231 indicatum,
666 2185 718 2222 ibi
742 2196 787 2223 ne
819 2184 1016 2232 vestigium
1054 2183 1202 2231 quidem
1237 2183 1326 2220 hos-

216 2260 308 2297 tium
340 2265 440 2305 erat,
468 2256 650 2295 continuo
677 2255 789 2304 igitur
824 2265 992 2294 reversus
1019 2253 1057 2292 in
1093 2253 1245 2301 urbem,
1273 2252 1324 2290 ibi

1265 2322 1328 2361 Se-
