<?xml version="1.0" encoding="UTF-8"?>
<!DOCTYPE html PUBLIC "-//W3C//DTD XHTML 1.0 Transitional//EN"
    "http://www.w3.org/TR/xhtml1/DTD/xhtml1-transitional.dtd">
<html xmlns="http://www.w3.org/1999/xhtml" xml:lang="en" lang="en">
 <head>
  <title>
</title>
<meta http-equiv="Content-Type" content="text/html;charset=utf-8" />
  <meta name='ocr-system' content='tesseract 3.04.00' />
  <meta name='ocr-capabilities' content='ocr_page ocr_carea ocr_par ocr_line ocrx_word'/>
</head>
<body>
  <div class='ocr_page' id='page_1' title='image "annalesacademiae34rhen_0112.png"; bbox 0 0 1544 2693; ppageno 0'>
   <div class='ocr_carea' id='block_1_1' title="bbox 280 121 1173 204">
    <p class='ocr_par' dir='ltr' id='par_1_1' title="bbox 280 121 1173 204">
     <span class='ocr_line' id='line_1_1' title="bbox 280 121 1173 204; baseline -0.003 -1"><span class='ocrx_word' id='word_1_1' title='bbox 280 162 335 203; x_wconf 77' lang='lat'><em>68</em></span> <span class='ocrx_word' id='word_1_2' title='bbox 480 158 552 202; x_wconf 83' lang='lat' dir='ltr'><em>HE</em></span> <span class='ocrx_word' id='word_1_3' title='bbox 560 158 659 204; x_wconf 77' lang='lat' dir='ltr'><em>RM.</em></span> <span class='ocrx_word' id='word_1_4' title='bbox 693 160 714 202; x_wconf 68' lang='grc'><em>,9</em></span> <span class='ocrx_word' id='word_1_5' title='bbox 724 121 818 203; x_wconf 82' lang='grc' dir='ltr'><em>ΟΗ.</em></span> <span class='ocrx_word' id='word_1_6' title='bbox 854 156 1173 200; x_wconf 67' lang='grc' dir='ltr'><strong>ΒΟΥΑΑΒΒὸ</strong></span> 
     </span>
    </p>
   </div>
   <div class='ocr_carea' id='block_1_2' title="bbox 524 344 1169 397">
    <p class='ocr_par' dir='ltr' id='par_1_2' title="bbox 524 344 1169 397">
     <span class='ocr_line' id='line_1_2' title="bbox 524 344 1169 397; baseline -0.008 -7"><span class='ocrx_word' id='word_1_7' title='bbox 524 346 834 397; x_wconf 69' lang='lat' dir='ltr'><strong><em>QUAESTIO</em></strong></span> <span class='ocrx_word' id='word_1_8' title='bbox 869 344 1169 387; x_wconf 72' lang='lat' dir='ltr'><strong><em>CHEMICA.</em></strong></span> 
     </span>
    </p>
   </div>
   <div class='ocr_carea' id='block_1_3' title="bbox 284 457 1404 744">
    <p class='ocr_par' dir='ltr' id='par_1_3' title="bbox 284 457 1404 744">
     <span class='ocr_line' id='line_1_3' title="bbox 347 457 1399 518; baseline -0.008 -14"><span class='ocrx_word' id='word_1_9' title='bbox 347 461 598 518; x_wconf 70' lang='lat' dir='ltr'><em>Quaeritur</em></span> <span class='ocrx_word' id='word_1_10' title='bbox 641 469 864 504; x_wconf 85' lang='lat' dir='ltr'><em>accurata</em></span> <span class='ocrx_word' id='word_1_11' title='bbox 906 463 1126 516; x_wconf 76' lang='lat' dir='ltr'><em>expositio</em></span> <span class='ocrx_word' id='word_1_12' title='bbox 1162 457 1399 513; x_wconf 76' lang='lat' dir='ltr'><em>principii</em></span> 
     </span>
     <span class='ocr_line' id='line_1_4' title="bbox 288 537 1401 595; baseline -0.006 -15"><span class='ocrx_word' id='word_1_13' title='bbox 288 538 580 591; x_wconf 77' lang='lat' dir='ltr'><em>Kreozoti‚</em></span> <span class='ocrx_word' id='word_1_14' title='bbox 614 542 704 595; x_wconf 79' lang='lat' dir='ltr'><em>qua</em></span> <span class='ocrx_word' id='word_1_15' title='bbox 739 541 837 594; x_wconf 79' lang='lat' dir='ltr'><em>ejus</em></span> <span class='ocrx_word' id='word_1_16' title='bbox 872 539 1078 592; x_wconf 84' lang='lat' dir='ltr'><em>parandi</em></span> <span class='ocrx_word' id='word_1_17' title='bbox 1110 537 1255 585; x_wconf 82' lang='lat' dir='ltr'><em>ratio,</em></span> <span class='ocrx_word' id='word_1_18' title='bbox 1285 548 1401 587; x_wconf 88' lang='lat' dir='ltr'><em>pro-</em></span> 
     </span>
     <span class='ocr_line' id='line_1_5' title="bbox 284 609 1402 670; baseline -0.008 -13"><span class='ocrx_word' id='word_1_19' title='bbox 284 617 512 670; x_wconf 72' lang='lat' dir='ltr'><em>prietates</em></span> <span class='ocrx_word' id='word_1_20' title='bbox 543 623 586 657; x_wconf 85' lang='lat' dir='ltr'><em>et</em></span> <span class='ocrx_word' id='word_1_21' title='bbox 616 625 727 656; x_wconf 72' lang='lat' dir='ltr'><em>&#39;usus</em></span> <span class='ocrx_word' id='word_1_22' title='bbox 755 615 950 668; x_wconf 83' lang='lat' dir='ltr'><em>(medico</em></span> <span class='ocrx_word' id='word_1_23' title='bbox 966 609 1172 668; x_wconf 62' lang='grc' dir='ltr'>ωσι-(Ῥέα)</span> <span class='ocrx_word' id='word_1_24' title='bbox 1199 610 1402 650; x_wconf 64' lang='lat' dir='ltr'><em>indicen—</em></span> 
     </span>
     <span class='ocr_line' id='line_1_6' title="bbox 292 686 1404 744; baseline -0.006 -12"><span class='ocrx_word' id='word_1_25' title='bbox 292 700 394 744; x_wconf 84' lang='lat' dir='ltr'><em>tur,</em></span> <span class='ocrx_word' id='word_1_26' title='bbox 455 700 500 734; x_wconf 88' lang='lat' dir='ltr'><em>et</em></span> <span class='ocrx_word' id='word_1_27' title='bbox 540 695 744 734; x_wconf 77' lang='lat' dir='ltr'><em>auctoris</em></span> <span class='ocrx_word' id='word_1_28' title='bbox 782 693 946 743; x_wconf 87' lang='lat' dir='ltr'><em>etiam,</em></span> <span class='ocrx_word' id='word_1_29' title='bbox 1007 691 1048 731; x_wconf 74' lang='lat' dir='ltr'><em>si</em></span> <span class='ocrx_word' id='word_1_30' title='bbox 1078 687 1195 742; x_wconf 85' lang='lat' dir='ltr'><em>fieri</em></span> <span class='ocrx_word' id='word_1_31' title='bbox 1227 686 1404 741; x_wconf 73' lang='lat' dir='ltr'><em>possit,</em></span> 
     </span>
    </p>
   </div>
   <div class='ocr_carea' id='block_1_4' title="bbox 292 771 957 825">
    <p class='ocr_par' dir='ltr' id='par_1_4' title="bbox 292 771 957 825">
     <span class='ocr_line' id='line_1_7' title="bbox 292 771 957 825; baseline 0 -14"><span class='ocrx_word' id='word_1_32' title='bbox 292 771 616 825; x_wconf 77' lang='lat' dir='ltr'><em>experimentis</em></span> <span class='ocrx_word' id='word_1_33' title='bbox 639 772 957 812; x_wconf 73' lang='lat' dir='ltr'><em>illustrentur.</em></span> 
     </span>
    </p>
   </div>
   <div class='ocr_carea' id='block_1_5' title="bbox 300 908 1409 967">
    <p class='ocr_par' dir='ltr' id='par_1_5' title="bbox 300 908 1409 967">
     <span class='ocr_line' id='line_1_8' title="bbox 300 908 1409 967; baseline -0.005 -9"><span class='ocrx_word' id='word_1_34' title='bbox 300 914 610 967; x_wconf 77' lang='lat' dir='ltr'><strong><em>QUAESTIO</em></strong></span> <span class='ocrx_word' id='word_1_35' title='bbox 633 908 1409 957; x_wconf 74' lang='lat' dir='ltr'><em>MATHEMATJco-PHYSICA.</em></span> 
     </span>
    </p>
   </div>
   <div class='ocr_carea' id='block_1_6' title="bbox 358 1029 1415 1088">
    <p class='ocr_par' dir='ltr' id='par_1_6' title="bbox 358 1029 1415 1088">
     <span class='ocr_line' id='line_1_9' title="bbox 358 1029 1415 1088; baseline -0.006 -14"><span class='ocrx_word' id='word_1_36' title='bbox 358 1034 638 1088; x_wconf 84' lang='lat' dir='ltr'><em>Exponatur</em></span> <span class='ocrx_word' id='word_1_37' title='bbox 668 1032 846 1073; x_wconf 77' lang='lat' dir='ltr'><em>theoria</em></span> <span class='ocrx_word' id='word_1_38' title='bbox 874 1029 1415 1084; x_wconf 74' lang='lat' dir='ltr'><em>mathematico-physica</em></span> 
     </span>
    </p>
   </div>
   <div class='ocr_carea' id='block_1_7' title="bbox 303 1110 949 1164">
    <p class='ocr_par' dir='ltr' id='par_1_7' title="bbox 303 1110 949 1164">
     <span class='ocr_line' id='line_1_10' title="bbox 303 1110 949 1164; baseline 0.003 -15"><span class='ocrx_word' id='word_1_39' title='bbox 303 1112 592 1164; x_wconf 85' lang='lat' dir='ltr'><em>speculorum</em></span> <span class='ocrx_word' id='word_1_40' title='bbox 627 1110 949 1151; x_wconf 76' lang='lat' dir='ltr'><em>causticorum.</em></span> 
     </span>
    </p>
   </div>
   <div class='ocr_carea' id='block_1_8' title="bbox 493 1251 1252 1306">
    <p class='ocr_par' dir='ltr' id='par_1_8' title="bbox 493 1251 1252 1306">
     <span class='ocr_line' id='line_1_11' title="bbox 493 1251 1252 1306; baseline -0.001 -10"><span class='ocrx_word' id='word_1_41' title='bbox 493 1254 653 1306; x_wconf 82' lang='lat' dir='ltr'><strong><em>QUAE</em></strong></span> <span class='ocrx_word' id='word_1_42' title='bbox 659 1255 763 1296; x_wconf 75' lang='lat' dir='ltr'><em>STI</em></span> <span class='ocrx_word' id='word_1_43' title='bbox 764 1254 803 1296; x_wconf 85' lang='grc'><em>0</em></span> <span class='ocrx_word' id='word_1_44' title='bbox 834 1251 1252 1295; x_wconf 77' lang='lat' dir='ltr'><em>THEOLOGICA.</em></span> 
     </span>
    </p>
   </div>
   <div class='ocr_carea' id='block_1_9' title="bbox 311 1368 1428 1661">
    <p class='ocr_par' dir='ltr' id='par_1_9' title="bbox 311 1368 1428 1661">
     <span class='ocr_line' id='line_1_12' title="bbox 366 1368 1422 1420; baseline -0.008 -4"><span class='ocrx_word' id='word_1_45' title='bbox 366 1371 397 1416; x_wconf 89' lang='lat' dir='ltr'>S</span> <span class='ocrx_word' id='word_1_46' title='bbox 411 1385 437 1415; x_wconf 91' lang='lat'>0</span> <span class='ocrx_word' id='word_1_47' title='bbox 451 1385 475 1415; x_wconf 90' lang='lat' dir='ltr'><em>c</em></span> <span class='ocrx_word' id='word_1_48' title='bbox 486 1386 509 1414; x_wconf 90' lang='lat' dir='ltr'>r</span> <span class='ocrx_word' id='word_1_49' title='bbox 522 1377 575 1413; x_wconf 86' lang='lat' dir='ltr'><em>at</em></span> <span class='ocrx_word' id='word_1_50' title='bbox 589 1370 602 1412; x_wconf 85' lang='lat' dir='ltr'><em>i</em></span> <span class='ocrx_word' id='word_1_51' title='bbox 618 1385 637 1413; x_wconf 91' lang='lat' dir='ltr'><em>s</em></span> <span class='ocrx_word' id='word_1_52' title='bbox 689 1374 744 1412; x_wconf 82' lang='lat' dir='ltr'><em>de</em></span> <span class='ocrx_word' id='word_1_53' title='bbox 790 1370 923 1411; x_wconf 79' lang='lat' dir='ltr'><em>rebus</em></span> <span class='ocrx_word' id='word_1_54' title='bbox 967 1371 1136 1411; x_wconf 74' lang='lat' dir='ltr'><em>divinis</em></span> <span class='ocrx_word' id='word_1_55' title='bbox 1183 1368 1396 1410; x_wconf 86' lang='lat' dir='ltr'><em>doctrina</em></span> <span class='ocrx_word' id='word_1_56' title='bbox 1409 1397 1422 1420; x_wconf 87' lang='lat'><strong>,</strong></span> 
     </span>
     <span class='ocr_line' id='line_1_13' title="bbox 311 1444 1425 1507; baseline -0.005 -16"><span class='ocrx_word' id='word_1_57' title='bbox 311 1466 448 1507; x_wconf 79' lang='lat' dir='ltr'><em>quam</em></span> <span class='ocrx_word' id='word_1_58' title='bbox 490 1446 834 1492; x_wconf 79' lang='lat' dir='ltr'><em>Memorabilibus</em></span> <span class='ocrx_word' id='word_1_59' title='bbox 865 1444 1094 1489; x_wconf 84' lang='lat' dir='ltr'><em>Socraticis</em></span> <span class='ocrx_word' id='word_1_60' title='bbox 1140 1446 1425 1500; x_wconf 72' lang='lat' dir='ltr'><em>consignavit</em></span> 
     </span>
     <span class='ocr_line' id='line_1_14' title="bbox 313 1523 1428 1583; baseline -0.007 -13"><span class='ocrx_word' id='word_1_61' title='bbox 313 1527 352 1570; x_wconf 84' lang='lat' dir='ltr'>X</span> <span class='ocrx_word' id='word_1_62' title='bbox 364 1540 386 1569; x_wconf 83' lang='lat' dir='ltr'><em>c</em></span> <span class='ocrx_word' id='word_1_63' title='bbox 397 1539 424 1569; x_wconf 91' lang='lat' dir='ltr'><strong>n</strong></span> <span class='ocrx_word' id='word_1_64' title='bbox 437 1539 464 1568; x_wconf 90' lang='grc' dir='ltr'>ο</span> <span class='ocrx_word' id='word_1_65' title='bbox 476 1539 505 1583; x_wconf 85' lang='lat' dir='ltr'><em>p</em></span> <span class='ocrx_word' id='word_1_66' title='bbox 517 1524 546 1571; x_wconf 88' lang='lat' dir='ltr'>h</span> <span class='ocrx_word' id='word_1_67' title='bbox 559 1538 584 1568; x_wconf 94' lang='grc' dir='ltr'>ο</span> <span class='ocrx_word' id='word_1_68' title='bbox 597 1539 625 1566; x_wconf 93' lang='lat' dir='ltr'><strong>n</strong></span> <span class='ocrx_word' id='word_1_69' title='bbox 637 1557 645 1573; x_wconf 87' lang='lat'>,</span> <span class='ocrx_word' id='word_1_70' title='bbox 694 1531 910 1566; x_wconf 85' lang='lat' dir='ltr'><em>accurate</em></span> <span class='ocrx_word' id='word_1_71' title='bbox 942 1530 1198 1578; x_wconf 84' lang='lat' dir='ltr'><em>exponatur</em></span> <span class='ocrx_word' id='word_1_72' title='bbox 1212 1552 1225 1574; x_wconf 91' lang='lat'><strong><em>,</em></strong></span> <span class='ocrx_word' id='word_1_73' title='bbox 1273 1523 1428 1563; x_wconf 75' lang='lat' dir='ltr'><em>illius-</em></span> 
     </span>
     <span class='ocr_line' id='line_1_15' title="bbox 317 1599 1428 1661; baseline -0.006 -15"><span class='ocrx_word' id='word_1_74' title='bbox 317 1620 399 1661; x_wconf 84' lang='lat' dir='ltr'><em>que</em></span> <span class='ocrx_word' id='word_1_75' title='bbox 438 1619 539 1645; x_wconf 88' lang='lat' dir='ltr'><em>cum</em></span> <span class='ocrx_word' id='word_1_76' title='bbox 576 1605 869 1658; x_wconf 80' lang='lat' dir='ltr'><em>praestantia</em></span> <span class='ocrx_word' id='word_1_77' title='bbox 907 1603 1126 1642; x_wconf 83' lang='lat' dir='ltr'><em>laudetur</em></span> <span class='ocrx_word' id='word_1_78' title='bbox 1139 1628 1152 1651; x_wconf 83' lang='lat'>‚</span> <span class='ocrx_word' id='word_1_79' title='bbox 1209 1606 1306 1640; x_wconf 86' lang='lat' dir='ltr'><em>tum</em></span> <span class='ocrx_word' id='word_1_80' title='bbox 1347 1599 1428 1639; x_wconf 86' lang='lat' dir='ltr'><em>de-</em></span> 
     </span>
    </p>
   </div>
   <div class='ocr_carea' id='block_1_10' title="bbox 308 1686 726 1739">
    <p class='ocr_par' dir='ltr' id='par_1_10' title="bbox 308 1686 726 1739">
     <span class='ocr_line' id='line_1_16' title="bbox 308 1686 726 1739; baseline -0.002 -16"><span class='ocrx_word' id='word_1_81' title='bbox 308 1686 464 1739; x_wconf 79' lang='lat' dir='ltr'><em>sectus</em></span> <span class='ocrx_word' id='word_1_82' title='bbox 495 1686 726 1722; x_wconf 81' lang='lat' dir='ltr'><em>notentur.</em></span> 
     </span>
    </p>
   </div>
   <div class='ocr_carea' id='block_1_11' title="bbox 781 1834 981 1848">
    <p class='ocr_par' dir='ltr' id='par_1_11' title="bbox 781 1834 981 1848">
     <span class='ocr_line' id='line_1_17' title="bbox 781 1834 981 1848; baseline 0.005 -3"><span class='ocrx_word' id='word_1_83' title='bbox 781 1834 981 1848; x_wconf 40' lang='lat' dir='ltr'><em>“acen—-</em></span> 
     </span>
    </p>
   </div>
   <div class='ocr_carea' id='block_1_12' title="bbox 327 1953 1440 2261">
    <p class='ocr_par' dir='ltr' id='par_1_12' title="bbox 327 1953 1440 2261">
     <span class='ocr_line' id='line_1_18' title="bbox 383 1953 1435 2013; baseline -0.001 -14"><span class='ocrx_word' id='word_1_84' title='bbox 383 1954 568 2000; x_wconf 85' lang='lat' dir='ltr'><em>Peractis</em></span> <span class='ocrx_word' id='word_1_85' title='bbox 598 1954 714 1998; x_wconf 88' lang='lat' dir='ltr'><em>hisce</em></span> <span class='ocrx_word' id='word_1_86' title='bbox 745 1953 1011 2006; x_wconf 83' lang='lat' dir='ltr'><em>solennibus,</em></span> <span class='ocrx_word' id='word_1_87' title='bbox 1056 1967 1184 1997; x_wconf 89' lang='lat' dir='ltr'><em>unum</em></span> <span class='ocrx_word' id='word_1_88' title='bbox 1225 1961 1435 2013; x_wconf 80' lang='lat' dir='ltr'><em>superest,</em></span> 
     </span>
     <span class='ocr_line' id='line_1_19' title="bbox 327 2036 1440 2097; baseline 0 -15"><span class='ocrx_word' id='word_1_89' title='bbox 327 2039 453 2097; x_wconf 89' lang='lat' dir='ltr'><em>idque</em></span> <span class='ocrx_word' id='word_1_90' title='bbox 479 2038 581 2082; x_wconf 85' lang='lat' dir='ltr'><em>mihi</em></span> <span class='ocrx_word' id='word_1_91' title='bbox 607 2036 911 2097; x_wconf 85' lang='lat' dir='ltr'><em>gratissimum,</em></span> <span class='ocrx_word' id='word_1_92' title='bbox 952 2036 1162 2091; x_wconf 88' lang='lat' dir='ltr'><em>officium,</em></span> <span class='ocrx_word' id='word_1_93' title='bbox 1193 2044 1239 2081; x_wconf 90' lang='lat' dir='ltr'><em>ut</em></span> <span class='ocrx_word' id='word_1_94' title='bbox 1267 2036 1440 2093; x_wconf 79' lang='lat' dir='ltr'><em>Acade-</em></span> 
     </span>
     <span class='ocr_line' id='line_1_20' title="bbox 328 2121 1440 2180; baseline 0 -14"><span class='ocrx_word' id='word_1_95' title='bbox 328 2123 434 2167; x_wconf 86' lang='lat' dir='ltr'><em>miae</em></span> <span class='ocrx_word' id='word_1_96' title='bbox 469 2122 760 2180; x_wconf 77' lang='lat' dir='ltr'><em>Magistratum</em></span> <span class='ocrx_word' id='word_1_97' title='bbox 802 2122 1010 2180; x_wconf 87' lang='lat' dir='ltr'><em>deponam</em></span> <span class='ocrx_word' id='word_1_98' title='bbox 1053 2121 1250 2179; x_wconf 84' lang='lat' dir='ltr'><em>illumque</em></span> <span class='ocrx_word' id='word_1_99' title='bbox 1292 2121 1440 2166; x_wconf 84' lang='lat' dir='ltr'><em>confe-</em></span> 
     </span>
     <span class='ocr_line' id='line_1_21' title="bbox 331 2202 1139 2261; baseline -0.002 -12"><span class='ocrx_word' id='word_1_100' title='bbox 331 2221 420 2249; x_wconf 71' lang='lat' dir='ltr'><em>ram</em></span> <span class='ocrx_word' id='word_1_101' title='bbox 462 2205 505 2249; x_wconf 89' lang='lat' dir='ltr'><em>in</em></span> <span class='ocrx_word' id='word_1_102' title='bbox 547 2217 829 2248; x_wconf 78' lang='lat' dir='ltr'><em>successorem</em></span> <span class='ocrx_word' id='word_1_103' title='bbox 868 2202 1139 2261; x_wconf 82' lang='lat' dir='ltr'><em>designatum.</em></span> 
     </span>
    </p>
   </div>
   <div class='ocr_carea' id='block_1_13' title="bbox 1525 1627 1532 1731">
    <p class='ocr_par' dir='ltr' id='par_1_13' title="bbox 1525 1627 1532 1731">
     <span class='ocr_line' id='line_1_22' title="bbox 1525 1627 1532 1731; textangle 90"><span class='ocrx_word' id='word_1_104' title='bbox 1525 1627 1532 1731; x_wconf 71' lang='lat'><em>——-.-.-</em></span> 
     </span>
    </p>
   </div>
  </div>
 </body>
</html>
