1544 2693
229 161 286 206 110
441 158 621 204 HERM.
650 157 678 201 J
681 157 774 202 011.
809 155 1128 201 ROYAARDS

232 296 317 339 lam
346 293 489 339 sedulo
526 292 708 338 colentes
740 290 1078 350 philosophiam,
1111 306 1217 348 quae
1248 305 1342 336 cum

233 376 434 434 religione
464 376 507 418 in
537 373 808 419 concordiam
838 374 928 418 iret.

290 457 411 501 Hanc
447 456 504 499 ita
541 470 616 500 vos
658 455 898 514 exprimatis
929 471 1184 515 proavorum
1216 457 1345 502 indo-

231 542 340 595 lem3
398 553 591 597 magnam
627 539 765 592 illam,
798 554 923 596 quam
958 539 1157 592 diximus,
1187 554 1347 600 paren-
1396 577 1399 580 .

233 630 322 667 tum
352 620 517 674 dotem,
547 620 738 665 virtutem
748 638 760 677 3
796 636 985 678 quaeque
1020 622 1075 666 ab
1106 622 1252 667 insana
1278 623 1347 668 illa

233 704 368 750 nostri
394 704 481 749 aevi
508 705 739 749 temeritate
760 704 1029 765 demagogica
1052 707 1227 751 alienam
1257 721 1348 752 sese

233 788 443 847 praestitit
489 787 678 845 juventus
721 796 894 844 nostra,
939 790 1043 835 haec
1092 805 1346 850 proavorum

232 872 365 916 instar
391 871 586 930 pietatem
614 880 655 916 et
681 872 965 918 sanctissimae
990 874 1199 932 religionis
1226 889 1348 918 amo-

234 969 324 999 rem
359 951 584 1008 ita'colat‚
625 963 671 999 ut
706 963 746 1000 et
773 956 973 1001 hactenus
1007 958 1183 1017 exempli
1216 957 1348 1002 instar

232 1039 277 1082 in
305 1038 538 1097 Europaeis
579 1038 769 1096 gentibus
806 1040 1008 1085 celebrari
1046 1048 1274 1095 mereatur,
1307 1048 1349 1086 et

233 1123 385 1166 laetam
431 1122 633 1181 praebeat
683 1123 914 1168 futurorum
963 1132 1198 1184 temporum
1245 1139 1350 1170 nos-

235 1206 414 1254 tratibus
445 1210 587 1264 spem!

294 1627 432 1684 Quam
458 1626 582 1684 igitur
603 1628 765 1685 pietatis
790 1628 924 1686 legem
949 1642 1042 1672 cum
1062 1630 1184 1693 nobis
1211 1631 1353 1689 scrip-

239 1711 369 1755 serint
390 1710 536 1768 proavi
556 1709 600 1753 in
615 1709 718 1769 ipsis
733 1711 969 1755 Academiis
985 1713 1161 1766 nostris,
1192 1713 1352 1759 hancce

242 1795 452 1847 colamus,
485 1794 536 1839 A.
553 1794 629 1838 ΑΛ
690 1794 1028 1839 Ducentesimum
1057 1797 1183 1841 hodie
1210 1798 1354 1857 ingre-

243 1879 381 1922 dimur
417 1892 572 1921 annum
602 1878 854 1923 Academiae
891 1887 1070 1924 nostrae.
1160 1883 1237 1926 Est
1272 1883 1352 1937 ita,

242 1963 356 2021 quod
381 1963 474 2007 Deo
500 1963 654 2021 gratias
678 1979 872 2022 agamus,
901 1965 1015 2009 cuius
1042 1980 1141 2010 cura
1168 1982 1246 2025 per
1271 1968 1356 2012 duo

242 2049 331 2108 fere
378 2048 515 2092 secula
567 2049 837 2093 Academiam
880 2058 1066 2094 nostram
1109 2051 1213 2095 tuita
1254 2052 1356 2106 fuit3

244 2132 397 2189 quique
425 2132 549 2185 mihi,
583 2133 666 2176 fata
692 2130 935 2187 narraturo,
969 2150 1076 2191 quae
1114 2135 1245 2180 hocce
1277 2136 1360 2181 mei

243 2214 511 2273 Magistratus
557 2232 666 2261 anno
701 2218 846 2262 habuit
888 2219 1140 2273 Academia,
1181 2219 1359 2278 plurima

1542 2119 1544 2122 .
1534 1956 1539 1960 ·
1542 1603 1544 1605 .
1538 1555 1544 1579 ..
1536 1457 1544 1534 ..-ἡμ
1539 1394 1544 1421 ...
