1544 2693
521 180 906 226 ORATIO.
1227 179 1280 224 51·

213 317 291 362 Est
323 331 422 363 vero
468 316 574 361 haec
611 330 752 360 rerum
793 316 1071 360 humanarum
1112 314 1278 359 vicissi-

153 400 282 456 tudo,
320 408 366 446 ut
407 401 489 460 ipsi
526 400 770 459 superstites
800 399 1037 445 tristissima
1063 399 1273 458 lugeamus

155 486 327 530 funera:

274 579 289 596 a
308 563 433 597 Omnes
457 562 579 597 eodem
603 562 782 608 cogimur:
810 562 968 596 omnium

274 647 289 663 ι
307 629 477 665 Versatur
500 641 611 673 urna3
638 628 770 669 serius,
799 627 895 662 ocius

275 714 289 729 ι
309 698 389 733 Sors
413 697 572 739 exitura3
598 716 646 721 —-
669 706 790 729 omnes
815 705 886 728 una
909 698 1029 728 manet
1054 704 1123 728 nox

274 780 289 796 n
307 762 350 798 Et
373 761 539 797 calcanda
561 761 669 795 semel
691 760 750 795 via
772 760 901 795 lethi.”

213 854 347 919 Luget
374 859 655 905 nobilissimus
689 859 722 902 L
735 857 842 918 ynd
858 855 989 902 enus
1008 889 1020 911 ,
1060 857 1136 901 Vir
1161 857 1271 902 Am·

153 945 271 1005 pliss.
305 945 492 1003 conjugis
520 943 810 988 dilectissimae
833 922 1036 996 mortem,
1073 942 1271 987 hesterno

155 1029 221 1074 die
261 1028 343 1089 ipsi
389 1035 567 1087 ereptae.
644 1028 782 1086 Quam
819 1026 918 1071 colit
956 1040 1057 1082 gens
1098 1025 1272 1085 Lynde-

151 1113 278 1158 niana
300 1105 466 1172 pietas,
497 1113 602 1156 haec
631 1104 1050 1170 solatium'praeheat
1077 1110 1271 1165 afflictis,

155 1205 196 1243 et
230 1197 396 1256 conjugi
426 1205 464 1241 et
497 1196 658 1241 liberis!
918 1194 921 1195 ⁷
1199 1178 1202 1183 ⁵

214 1345 286 1390 Sic
322 1344 490 1402 quidem
527 1350 621 1387 tuus
667 1342 720 1386 ad
765 1356 844 1385 nos
883 1341 1065 1401 pertinet
1105 1340 1269 1391 luctus,

155 1429 408 1475 Doctissime
448 1426 653 1472 Kochi!
697 1427 829 1470 hacce
876 1432 948 1468 tua
984 1431 1117 1468 aetate
1156 1423 1272 1468 desi-

159 1515 345 1560 deratam
365 1514 509 1569 lugens
529 1525 726 1564 uxorem,
752 1509 1034 1554 fidelissimam
1064 1507 1171 1552 vitae
1195 1522 1273 1552 so-

160 1597 268 1643 ciam
288 1630 301 1651 ,
338 1610 472 1655 nuper
499 1594 576 1638 tibi
608 1601 808 1653 creptam.
867 1592 989 1637 Faxit
1028 1592 1170 1645 Deus,
1219 1604 1274 1636 ne

159 1683 333 1728 acerbus
373 1680 499 1725 animi
540 1680 662 1724 dolor
699 1671 942 1737 corporisve
982 1674 1156 1721 adversa
1193 1691 1272 1720 va-

157 1767 299 1813 letudo
325 1773 417 1810 tuas
443 1765 610 1823 frangat
635 1763 763 1816 vires,
793 1759 942 1819 quibus
968 1760 1138 1805 ulterius
1163 1774 1274 1820 pro-

159 1850 216 1896 sis
257 1849 543 1895 Bibliothecae
592 1853 789 1898 nostrae,
852 1852 892 1889 et
945 1843 1163 1902 juvenibus
1213 1842 1272 1887 ita

159 1934 337 1989 nostris,
371 1933 536 1990 tuisque
565 1931 662 1975 item
691 1930 857 1973 liberis!

216 2079 348 2136 Luget
375 2075 603 2121 Academia
635 2080 811 2118 mortem
846 2069 934 2115 Viri
972 2067 1274 2128 expertissimi,

162 2162 311 2207 Petri
353 2160 569 2217 Koning
587 2190 598 2212 ,
645 2155 905 2202 prosectoris
952 2152 1190 2197 dexterrimi
1229 2151 1274 2195 in

164 2245 328 2290 theatro
368 2242 605 2289 anatomico
621 2272 634 2295 ‚
689 2240 761 2298 qui
806 2237 1040 2298 proborum
1091 2235 1275 2280 omnium

1047 2319 1109 2364 [⁴ss
