1487 2703
272 215 314 253 18
494 203 1164 245 COMMENTATIO

755 344 789 393 ς.
845 359 881 396 3.

372 507 536 550 Conditio
563 508 786 556 Galilaeae,
811 520 882 558 quo
907 516 1067 561 tempore
1090 509 1272 561 Josephus

664 590 702 618 eo
727 577 961 617 mittebatur.

311 735 476 776 Galilaea
513 737 612 787 (ι),
662 748 738 786 quo
778 737 970 788 Josephus
1020 738 1233 788 mittebatur
1278 749 1375 777 anno

266 806 410 845 LXV11
444 819 486 856 p.
514 808 565 847 C.
592 818 634 846 n.
671 806 839 855 proxime
870 807 1044 847 hostibus
1077 809 1150 847 sita
1175 792 1287 856 erat,
1339 816 1375 847 et

265 875 315 912 ob
354 876 447 914 hanc
476 877 641 924 aliasque
673 886 801 915 causas
835 876 873 914 in
910 876 1126 915 conditione
1160 877 1374 915 versabatur

263 944 490 984 difficillima.
541 946 602 985 Ex
629 945 695 984 hac
719 946 833 994 igitur
865 946 1056 994 provincia
1086 944 1257 994 josepho
1282 954 1372 984 tune

264 1015 441 1062 temporis
473 1015 590 1053 delata-
615 1014 759 1063 egregie
783 1022 885 1063 patet
918 1023 1146 1064 quantopere
1177 1016 1258 1065 ejus
1281 1027 1372 1065 pru-

261 1083 405 1122 dentiae
430 1083 660 1122 confiderent
684 1084 816 1133 Judaei
832 1112 846 1131 ‚
886 1092 924 1122 et
960 1095 1074 1133 sane,
1102 1084 1136 1123 si
1161 1085 1372 1134 cogitemus

264 1155 371 1201 quale
406 1153 444 1191 id
478 1152 592 1192 fuerit
619 1154 722 1202 quod
756 1152 965 1193 faciendum
994 1155 1029 1193 ei
1061 1155 1374 1203 demandabant,

263 1234 394 1273 magna
439 1224 478 1262 in
515 1223 628 1262 rebus
668 1222 966 1263 administrandis
1004 1223 1039 1262 ei
1075 1224 1206 1264 debuit
1246 1225 1375 1264 adesse

245 1293 418 1342 xperitia,
444 1304 616 1348 magnum
642 1293 779 1342 ingenii
806 1305 976 1335 acumen.

280 1391 286 1397 ,
312 1363 476 1402 Galilaea
504 1363 638 1411 partim
672 1371 748 1402 erat
777 1363 848 1402 sub
886 1372 1072 1413 potestate
1111 1364 1210 1412 regis
1234 1364 1374 1414 Agrip-

262 1445 356 1481 pae,
398 1432 531 1481 partim
565 1433 603 1471 in
638 1434 894 1473 Romanorum
929 1443 1006 1472 erat
1033 1433 1189 1473 ditione.
1267 1435 1373 1484 Quo-

261 1504 359 1542 niam
391 1512 513 1542 autem
548 1503 717 1552 Agrippa
755 1515 910 1553 prorsus
952 1504 998 1543 ab
1030 1505 1251 1553 imperatore
1285 1516 1376 1553 pen-

259 1573 399 1620 debat,
433 1581 512 1611 tota
538 1572 730 1620 Galilaea,
758 1584 835 1611 non
869 1573 1019 1622 quidem
1055 1573 1208 1612 nomine
1239 1574 1307 1613 sed
1337 1584 1376 1611 te

260 1642 331 1680 sub
368 1642 480 1692 hujus
512 1651 590 1681 erat
627 1643 797 1692 imperio.
865 1643 944 1694 Qui
975 1652 1063 1689 ergo
1095 1652 1225 1682 contra
1251 1656 1374 1693 regem

260 1711 480 1749 seditionem
511 1712 788 1760 moliebantur,
816 1712 908 1751 illud
939 1713 1061 1762 ipsum
1097 1713 1206 1752 iidem
1245 1723 1375 1752 contra

263 1779 459 1818 Romanos
487 1781 608 1819 moliri
646 1782 821 1820 censendi
855 1791 981 1831 erant3
1031 1793 1113 1821 nam
1152 1784 1207 1821 uti
1236 1783 1375 1834 Judeae

259 1850 400 1888 incolae
426 1851 576 1889 Florum
608 1851 838 1890 crudelitatis
874 1864 1045 1891 accusare
1072 1861 1271 1902 poterant,
1298 1853 1377 1893 Ga-

257 1919 382 1957 lilaeae
411 1931 489 1958 non
522 1920 571 1958 ita
603 1921 836 1970 Agrippam3
865 1922 915 1961 ita
952 1931 993 1961 ut
1021 1923 1169 1971 quidem
1203 1924 1257 1961 illi
1287 1914 1373 1973 pro-

257 1989 421 2027 curatori
459 2002 499 2028 se
537 2000 693 2039 possent
729 2003 921 2040 opponere
957 2001 994 2031 et
1025 2001 1145 2031 tamen
1182 1993 1298 2032 videri
1334 1995 1372 2033 in

260 2059 331 2097 fide
364 2070 507 2098 manere
540 2060 823 2110 Romanorum,
852 2062 891 2100 hi
926 2074 1015 2101 vero
1050 2063 1213 2103 minime.
1265 2064 1374 2103 Atta·

1285 2144 1368 2172 men

293 2237 346 2274 (1)
367 2237 614 2273 Descriptioneru
635 2239 785 2270 Galilaeae
806 2241 1041 2279 Geographicam
1058 2242 1181 2272 exhibet
1198 2243 1372 2281 josephus,

254 2295 330 2322 Bell.
355 2295 425 2331 Jud.
447 2295 497 2324 ΠΙ.
522 2303 552 2331 3.
