1487 2703
426 182 937 223 PRAEFArto.
1215 199 1238 236 9

133 291 253 329 dimus
274 289 449 329 Solanum
482 290 689 330 tuberosum
717 293 905 332 veteribus
948 294 1119 344 ignotum
1144 295 1238 335 fuis-

131 358 168 399 se
196 388 209 407 ,
274 360 401 399 saltem
445 362 553 400 dictis
600 363 814 402 nominibus
872 374 948 402 non
1000 364 1199 404 indicatum
1222 379 1236 414 ;

132 438 170 468 et
206 431 354 478 quando
403 433 482 469 sola
521 432 601 470 Viri
651 434 713 472 Cl.
754 434 1065 482 Sprengelii
1092 436 1252 475 decisio-

132 509 205 546 ne,
245 511 303 538 me
341 502 505 539 nondum
545 514 762 550 persuasum
795 504 990 550 haberem,
1033 514 1151 543 tamen
1178 507 1246 543 mi-

135 567 175 606 hi
211 569 359 608 videtur
391 583 497 609 unam
522 573 747 621 eandemque
788 576 947 623 plantam
985 576 1128 614 duabus
1164 577 1245 615 aliis

133 639 229 678 inter
265 652 305 679 se
334 641 489 681 diversis
515 644 668 682 similem
699 656 780 682 esse
803 655 879 682 non
907 655 1018 693 posse
1037 646 1122 696 (1).

184 710 436 761 Caeteroquin
476 723 626 751 necesse
651 723 769 761 puto,
800 723 841 751 ut
869 714 1179 771 animadvertatur
1204 718 1249 755 ad

135 779 225 817 duas
249 780 337 819 alias
372 783 542 829 plantas,
583 795 735 830 quarum
781 783 967 821 radicibus
995 785 1076 822 Indi
1105 797 1249 833 persae·

132 860 180 897 pe
202 849 375 888 alimento
398 860 556 889 utuntur
573 880 585 899 ,
599 852 901 901 quibuscumque
925 855 1127 902 scriptores
1150 856 1247 894 haud

133 929 215 956 raro
227 918 503 959 confunderunt
517 922 690 960 Solanum
709 921 934 963 tuberosum.
952 924 1092 962 Harum
1111 926 1245 974 prima,

132 989 191 1026 vel
217 989 300 1038 ejus
317 987 463 1027 fructus
489 975 663 1040 (tubera)
681 991 824 1039 Belgice
853 981 1015 1030 Basasen
1045 996 1100 1031 vel
1130 995 1248 1033 Pata-

131 1065 217 1104 ten,
234 1059 336 1104 quod
351 1058 427 1096 fere
448 1068 556 1096 sonat
583 1060 636 1097 uti
654 1059 824 1108 Potat0e‚
852 1061 1103 1100 denominatio
1118 1063 1247 1102 Solam'

130 1126 293 1165 tuberosi
314 1130 413 1176 apud
437 1129 612 1176 Ang10s3
644 1129 709 1177 q'ui
731 1142 820 1167 vero
845 1132 940 1168 illam
976 1134 1134 1186 plantam
1169 1136 1248 1174 sive

129 1195 229 1234 illius
275 1196 421 1236 fructus
461 1199 645 1247 (radices)
680 1200 808 1238 dicunt
847 1201 1006 1252 Spanish
1051 1205 1245 1251 potatam,

131 1264 361 1304 Bermudian
397 1267 591 1316 potatas,
631 1269 808 1308 Patades.
878 1271 1055 1320 Hispanis
1093 1286 1248 1313 vocatur

131 1335 293 1374 Batatas
321 1336 365 1374 de
396 1338 562 1388 Malga,
598 1338 789 1387 Camotes,
832 1341 947 1391 Aser,-
981 1343 1017 1380 in
1053 1345 1245 1385 Lusitania

131 1406 318 1456 Battata,·
346 1415 456 1455 atque
487 1408 531 1446 ab
555 1408 861 1448 Gallo-Francis
884 1411 1064 1462 Battate,·
1100 1414 1247 1464 linguae

132 1476 290 1515 Malai‘ca
315 1477 389 1515 Ubi
417 1479 558 1515 castela
575 1506 588 1525 ‚
616 1487 691 1517 etc.

182 1547 255 1585 Est
295 1558 384 1585 vero
420 1548 521 1585 radix
560 1548 774 1587 Convolvuli
804 1549 964 1591 Batatas
998 1553 1046 1592 L.
1093 1585 1115 1604 ‚‚
1144 1555 1245 1595 foliis

135 1646 159 1666 „
184 1617 346 1656 cordatis
373 1618 526 1655 hastatis
554 1618 722 1667 quinque
759 1621 934 1659 nervibus
951 1651 962 1668 ‚
991 1626 1094 1662 caule
1119 1638 1248 1675 repen-

137 1716 160 1736 „
188 1697 224 1726 te
246 1687 450 1726 tuberifero
467 1716 479 1735 ,
509 1688 676 1737 hispido.
695 1689 720 1706 ’²

179 1759 271 1797 leon
296 1767 414 1797 exstat
429 1758 467 1796 in
492 1759 605 1798 G.E.
631 1759 704 1797 Ru
720 1773 753 1798 m
770 1774 792 1810 p
808 1762 831 1799 h
849 1762 884 1800 ii
914 1764 1031 1804 Herb.
1061 1768 1218 1806 Amboin
1234 1785 1248 1815 ,-

1149 1839 1248 1877 Tab.

172 1945 224 1983 (1)
248 1946 398 1975 Nonnulli
426 1948 612 1982 voluerunt,
644 1950 774 1984 plantam
810 1950 890 1978 illam
930 1952 1036 1981 Novae
1068 1953 1253 1988 Hispaniae,

135 2010 213 2038 quae
225 2003 334 2032 dicitur
360 2005 554 2032 Xaltomaees
576 2005 642 2034 sive
669 2008 826 2042 Tomates,
857 2016 922 2037 esse
957 2008 1099 2037 solanum
1130 2014 1252 2039 tubero-

137 2070 200 2088 sum
212 2062 248 2090 L.
267 2063 321 2090 sed
340 2062 429 2096 hujus
443 2064 577 2091 Tamaris
599 2063 803 2100 descriptione
821 2065 929 2095 clarius
945 2067 1145 2102 perspicimus
1167 2068 1254 2096 aliam

137 2119 272 2152 speciem
299 2127 379 2149 esse.
417 2120 487 2149 Vid.
520 2122 776 2156 Hernandez,
807 2131 908 2149 rerum
929 2124 1113 2151 modicarum
1148 2125 1253 2152 Novae

141 2176 310 2211 Hispaniae
334 2177 525 2212 Thesaurus,
554 2179 667 2207 Romae
691 2181 772 2211 1651.
802 2179 868 2208 Lib.
899 2180 987 2209 VIII.
1010 2183 1084 2216 Cap.
1113 2189 1158 2213 5¹·
1183 2190 1250 2218 pag.

141 2239 205 2268 297.
