1487 2703
169 198 243 237 130
405 177 1069 222 COMMENTATIO

171 325 196 344 ,‚
221 305 301 334 tous
327 293 376 331 les
410 299 523 342 temps
547 289 731 328 l’alimenc
760 300 838 327 sous
876 288 916 326 la
932 287 1059 336 forme
1097 286 1280 326 habitual-

175 393 200 412 ‚‚
225 364 303 404 le.’'

219 435 383 474 Possunt
410 439 593 470 caeterum
628 429 734 467 etiam
763 428 903 466 Solana
940 427 1156 474 congelata,
1183 438 1288 475 prae-

169 514 333 552 terquam
372 502 477 550 quod
527 499 758 548 degelatioue
794 498 833 536 in
865 509 962 545 aqua
996 495 1129 545 frigida
1167 496 1286 534 adhuc

167 574 254 614 usui
284 572 429 621 vulgari
457 569 637 609 inservire
659 570 803 606 valeant
821 597 834 615 ,
875 567 913 604 in
944 567 1099 605 farinam
1130 576 1290 604 conver·

168 657 208 683 sa
230 643 318 682 huic
345 649 466 689 scopo
493 638 690 685 adhiberi,
717 637 807 685 quin
828 635 933 675 fuere
952 635 1017 684 qui
1040 637 1085 674 de
1107 634 1291 673 industria

168 714 254 762 gelu
279 708 552 761 exposuerint,
591 720 670 757 quo
711 706 828 746 farina
868 716 935 745 sua
962 714 1099 755 sponte
1129 705 1290 743 secerni·

168 792 254 830 tut-3
283 782 343 820 vei
378 787 541 829 possunt
565 780 692 817 saltem
719 776 901 815 inservire
924 776 1136 815 textoribus
1158 775 1204 813 ad
1223 774 1286 812 fila

168 852 443 902 praeparanda,
482 860 596 898 porro
630 847 835 895 restiariis,
860 845 1116 894 bibliopegis,
1143 845 1293 883 charto-

154 921 297 971 ,paeis,
326 921 619 959 velamentorum
640 916 928 965 glutinatoribus
952 924 1025 954 etc.
1055 916 1126 965 (1)

223 990 309 1028 Hoc
348 990 434 1027 loco
459 988 605 1026 tandem
634 998 788 1035 quoque
813 986 1009 1024 dicendum
1037 992 1123 1033 est,
1160 994 1296 1033 panem

172 1061 384 1098 biscoctum
407 1070 428 1096 e
459 1057 577 1096 farina
610 1057 747 1095 Tritici
771 1064 808 1094 et
838 1056 1090 1104 Solanorum,
1124 1066 1173 1094 ex
1209 1055 1296 1104 plu-

173 1130 352 1168 rimorum
403 1126 667 1166 observatione
716 1125 995 1175 praeferendum
1047 1125 1166 1165 videri
1218 1136 1264 1163 eo
1281 1154 1296 1174 ‚

173 1200 238 1248 qui
269 1211 315 1238 ex
359 1197 477 1237 farina
512 1196 690 1235 frumenti
732 1196 812 1236 sola
851 1195 1069 1244 perficitur,
1109 1196 1296 1243 talemque

170 1270 369 1320 praecipue
384 1268 423 1307 in
447 1266 643 1305 itineribus
666 1266 861 1305 maritimis
885 1265 1015 1304 utilem
1052 1275 1160 1312 esse,
1186 1264 1296 1303 etiam

172 1339 221 1377 ob
258 1339 354 1377 vires
388 1336 735 1383 antiscorbuticas‚
770 1335 911 1383 quibus
943 1336 1085 1383 pollere
1119 1334 1296 1383 videtur;

172 1421 296 1457 neque
320 1409 533 1457 ignoramus
563 1414 692 1444 nautas
724 1404 884 1442 subinde
916 1404 1058 1442 Solana
1093 1404 1206 1442 cruda
1240 1403 1299 1442 ori

172 1489 385 1524 assumere,
415 1477 563 1524 quando
602 1474 784 1513 scorbuto
811 1482 1020 1522 vexantur,
1049 1482 1085 1512 et
1113 1474 1208 1512 hane
1245 1474 1295 1512 ob

174 1558 322 1586 causam
351 1546 444 1593 quin
465 1555 502 1583 et
523 1553 678 1594 propter
704 1543 876 1582 duritiem
901 1544 1075 1592 majorem
1096 1543 1209 1593 hujus
1236 1555 1301 1591 pa·

132 1603 135 1609 ¹
172 1619 230 1656 nis
267 1616 427 1655 biscocti
461 1614 506 1654 ab
543 1614 637 1662 il-lo,
665 1615 731 1662 qui
772 1613 932 1662 praefuit
973 1613 1124 1653 Africae
1163 1614 1296 1653 insulis

175 1688 246 1726 Islc
278 1686 322 1725 de
356 1686 505 1724 France
537 1694 574 1722 et
611 1684 655 1723 de
695 1684 894 1733 Bourbon,·
941 1684 1293 1724 Parmentiero

173 1758 246 1807 jam
274 1757 512 1804 propositum
538 1755 641 1802 fuit,
669 1763 712 1793 ut
738 1754 957 1793 conficeret.
983 1755 1052 1804 (2)

227 1827 335 1864 Alter
370 1836 463 1863 usus
500 1835 576 1863 non
628 1824 782 1862 minoris
834 1825 1012 1862 momenti
1052 1832 1195 1874 spectat
1237 1837 1302 1866 ex·

179 1897 397 1936 tractionem
440 1895 598 1943 liquoris
647 1895 804 1943 spiritus
841 1894 920 1934 vini
966 1895 1114 1934 similis.
1171 1895 1298 1935 Prius-

180 1979 290 2017 quam
316 1977 405 2005 vero
443 1967 487 2005 ad
520 1975 633 2015 potus
662 1973 918 2012 transeamus,
959 1965 1074 2004 verbo
1097 1965 1217 2004 adhuc
1252 1965 1300 2004 de

1218 2034 1300 2074 aliis

220 2134 273 2172 (ι)
293 2136 343 2165 cf.
361 2144 492 2173 quoque
511 2139 632 2167 Vriend
649 2139 698 2167 des
727 2141 937 2177 Vaderlands.
960 2144 1002 2173 D.
1025 2143 1083 2174 lv.
1103 2152 1172 2180 pag.
1195 2148 1265 2182 908.

219 2192 274 2229 (ι)
293 2194 571 2231 Parmentier,
603 2197 796 2226 Recherches
822 2208 877 2227 sur
900 2201 944 2228 Ic!
963 2201 1125 2237 νέμηαι·
1149 2204 1306 2236 noun-iss.

183 2257 253 2284 pag.
273 2257 338 2288 ¹4⁵·
357 2263 396 2283 ,—
416 2253 528 2283 oecon.
546 2253 682 2290 Nenfgk.
708 2260 800 2292 1325,
821 2258 870 2284 11⁰·
894 2266 940 2294 14.
962 2263 1030 2294 pag,
1055 2266 1120 2293 105·
