1487 2703
179 172 228 206 40
407 161 1071 201 COMMENTATIO

185 280 292 315 quam
329 281 373 307 ex
402 270 493 318 ipsis
524 271 628 309 falsis
663 271 940 318 consequentiis
958 299 970 318 ‚
998 273 1041 309 ad
1069 281 1161 318 quas
1186 271 1291 309 duxit

183 336 563 386 Toullierium‚
601 340 692 387 qui,
727 352 793 378 sua
821 341 986 378 doctrina
1022 351 1174 388 motus,
1215 352 1292 379 non

184 406 367 445 dubitavit
397 409 577 446 declarare
604 418 732 447 contra
758 421 930 458 expressa
951 411 1044 458 legis
1070 411 1204 458 verba,
1233 412 1294 449 de-

185 474 325 514 fectum
354 488 484 515 causae
516 479 713 516 emtionem
749 480 1025 527 venditionem,
1054 481 1161 528 eique
1194 481 1296 518 simi-

187 547 240 584 les
270 556 484 585 contractus
522 559 599 586 non
635 560 779 597 semper
805 550 955 587 reddere
983 551 1106 587 nullos
1135 553 1219 599 (ι).

238 616 424 654 Praeterea
460 617 520 655 hic
556 618 671 656 verbo
704 621 968 669 momendum,
1002 631 1148 658 causam
1179 631 1294 667 aeque

188 684 309 723 minus
342 687 524 725 confundi
555 688 688 726 debere
723 701 805 726 cum
831 690 1074 737 confflfione,
1103 691 1205 738 quod
1231 691 1297 729 ali—

188 756 336 802 quando
362 755 452 794 fecit
476 757 818 797 Toullierius
847 760 942 809 (2),
972 761 1149 808 quodque
1176 769 1297 798 tamen

187 835 311 873 aperte
342 824 476 864 falsum
509 839 615 875 esse,
642 829 701 865 vel
727 840 769 865 ex
797 841 840 866 eo
866 840 1016 877 apparet
1033 858 1044 877 ,
1073 830 1176 877 quod
1207 841 1297 867 con·

188 894 280 932 ditio
301 905 399 933 certe
423 907 499 934 non
523 897 571 935 sit
597 898 787 935 essentiale
811 908 1024 937 contractus
1049 899 1267 946 requisitum
1282 927 1295 945 ‚

189 966 291 1012 quod
325 973 446 1003 tamen
481 967 674 1004 dicendum
711 967 830 1015 foret,
859 968 890 1005 si
922 969 1015 1005 idem
1050 977 1161 1016 atque
1187 980 1297 1008 causa

188 1033 338 1072 fuisset.
367 1051 424 1059 -—
451 1035 581 1073 Minus
609 1045 705 1073 recte
737 1036 851 1085 igitur
877 1038 1112 1075 donationem
1144 1048 1296 1087 propter

188 1105 364 1152 nuptias,
392 1106 534 1154 nuptiis
562 1117 640 1143 non
661 1107 799 1144 secutis
816 1135 829 1153 ,
856 1108 991 1145 nullam
1008 1108 1124 1156 dicit,
1153 1136 1184 1156 ‚‚
1205 1120 1301 1160 par-

190 1202 221 1222 „
247 1176 352 1226 ccqu’
373 1176 472 1214 alors
495 1176 534 1213 la
556 1175 730 1214 donation
757 1187 852 1215 reste
879 1191 962 1216 sam
987 1178 1147 1216 cause.'’
1175 1178 1298 1216 Causa

190 1242 264 1283 fuit
293 1245 372 1283 sola
402 1244 593 1282 donatoris
621 1245 818 1283 liberalitas
835 1273 847 1292 ,
875 1257 966 1293 quae
1000 1246 1144 1293 adfuit,
1172 1247 1302 1284 condi-

189 1313 243 1351 tio
280 1314 580 1361 matrimonium,
610 1315 714 1362 quod
753 1314 902 1362 deficit,
929 1314 1177 1362 deficiensque
1211 1326 1302 1353 con-

189 1394 343 1422 tractum
369 1385 513 1422 nullum
541 1384 629 1422 facit
655 1384 737 1433 (3).

242 1456 346 1493 Hanc
375 1454 490 1503 igitur
516 1454 697 1491 sufficiant
721 1455 766 1492 de
792 1455 1085 1494 Toullierii
1119 1464 1154 1492 et
1180 1455 1302 1492 Mer-

188 1524 284 1562 lini
345 1524 538 1570 doctrina,
594 1536 729 1570 quam,
786 1525 947 1563 veritatis
996 1525 1122 1562 studio
1171 1524 1299 1571 ducti,

190 1593 418 1643 rejiciendam
482 1595 711 1642 putavimus.
807 1594 964 1643 Propter
1020 1595 1167 1633 eandem
1214 1606 1302 1632 cau-

190 1675 264 1701 sam
333 1663 579 1711 accipiendam
655 1664 838 1702 credimus
901 1676 941 1703 ea
968 1692 981 1712 ‚
1048 1676 1143 1712 quae
1206 1665 1300 1702 dixit

191 1737 222 1773 Z
237 1747 254 1773 a
269 1736 360 1773 cha
376 1736 477 1773 riae
528 1735 620 1784 (4):
678 1763 709 1783 ‚,
748 1736 832 1774 Der
874 1735 1301 1787 Verpflichtungsgrund

1180 1833 1212 1853 „
1233 1804 1302 1843 der

225 1894 279 1931 (ι)
301 1896 334 1923 L.
354 1897 377 1923 1.
400 1900 451 1924 κιο.
477 1905 564 1931 ι73.,
595 1903 684 1931 quem
709 1897 812 1924 locum
835 1895 970 1930 egrenge
994 1895 1139 1924 refutavit
1165 1896 1215 1925 ct.
1238 1897 1301 1924 Ys-

191 1953 250 1979 sel
276 1952 320 1979 de
344 1952 607 1986 scheppe1·,1.
629 1954 651 1981 1.
674 1960 740 1987 pag.
768 1961 940 1988 14205eqq.

226 2008 279 2045 (α)
299 1993 376 2039 LA.
400 2009 451 2036 11⁰.
477 2017 542 2045 ¹70·

228 2065 281 2103 (3)
302 2067 349 2094 De
373 2066 542 2096 differentia
566 2068 645 2096 inter
667 2076 783 2097 causam
802 2076 833 2096 et
850 2067 1059 2096 conditionem
1073 2069 1131 2096 late
1152 2067 1214 2102 egit
1229 2067 1303 2095 Du·

192 2131 354 2158 ranton,
379 2125 490 2151 Traite‘
513 2126 563 2152 des
593 2127 760 2160 Contrats,
785 2134 844 2155 etc.
874 2123 922 2153 n0.
944 2133 1011 2161 514·
1033 2132 1121 2159 seqq.
1150 2124 1229 2153 Add.
1253 2125 1301 2153 Cl-

194 2181 341 2213 Ernst„
365 2183 386 2209 l.
411 2183 433 2210 Ι.
457 2190 523 2217 pag.
550 2184 616 2215 256.

233 2238 284 2273 (4)
307 2239 338 2265 L·
363 2241 382 2266 1·
406 2236 434 2274 5³-
462 2248 527 2274 343-
