1544 2693
545 152 934 205 ORATIO.
1235 143 1291 185 27

193 302 260 348 nis
284 313 423 344 amore
454 292 656 340 ducenda.
717 290 780 333 Ita
806 294 845 331 et
872 278 1292 343 MarnixiumlTheo-

195 387 335 444 logum
377 379 588 428 novimus,
641 373 754 418 cuius
789 369 909 414 nobis
947 370 1168 425 supersunt
1203 374 1295 404 cum

201 468 358 527 scripta
408 454 927 521 dogmatico-polemica,
986 457 1073 493 tum
1123 444 1301 490 maxime

203 552 454 598 celebratum
502 544 603 588 illud
655 543 885 583 Romanae
931 532 1165 577 Ecclesiae
1207 527 1304 569 Al-

203 637 413 681 veariam
440 637 534 680 (ιε),
574 622 814 685 splendidus
849 615 1065 661 doctrinae
1106 619 1147 656 et
1187 610 1309 668 inge-

206 719 266 763 nii
287 716 426 762 testis!
473 713 615 767 Neque
640 715 780 751 tamen
798 718 848 748 ex
874 702 1038 745 illorum
1064 711 1156 741 eum
1185 693 1310 738 fuisse

207 812 409 850 numerO,
439 795 538 852 qui,
568 792 621 836 de
668 786 884 845 Religione
927 795 1078 842 parum
1124 775 1311 826 solliciti,

206 885 262 928 de
290 877 523 937 Theologia
549 873 752 920 subtiliter
776 864 1176 929 philosopharentur
1192 892 1206 914 ‚
1243 873 1316 903 sa-

207 968 263 1013 tis
315 977 523 1025 superque
576 974 625 1003 ex
666 955 799 1016 ipsius
853 951 1042 1006 scriptis
1094 946 1317 1001 dictisque

209 1057 340 1112 patet.
401 1047 604 1092 Referunt
637 1043 706 1085 illa
733 1037 865 1083 ubivis
899 1047 1041 1079 veram
1072 1029 1198 1075 animi
1227 1028 1323 1086 pie-

211 1142 364 1186 tatem,
430 1144 536 1188 quae
595 1138 739 1171 amore
787 1120 868 1167 Dei
909 1116 1147 1172 Christique
1196 1114 1318 1171 viget.

214 1218 324 1263 Hinc
360 1210 616 1276 «religionis
658 1208 893 1251 libertatem
949 1200 1186 1246 cariorem’'
1223 1195 1323 1241 dixit

215 1319 244 1349 tt
263 1301 388 1346 bonis
433 1294 700 1344 terrestribus
750 1290 814 1335 vel
875 1287 960 1332 vita
974 1290 1021 1340 ‚’'
1065 1275 1326 1342 quapropter

218 1403 268 1432 ea
328 1386 410 1430 sint
462 1378 651 1426 adeunda
706 1377 824 1428 loca,
893 1369 1044 1428 quibus
1110 1366 1179 1410 illa
1243 1363 1325 1408 frui

218 1472 337 1522 licet,
386 1485 414 1512 <c
433 1466 623 1524 quippe'’
657 1490 712 1497 —
750 1460 810 1504 ita
838 1457 905 1500 ille
934 1476 987 1486 --
1028 1451 1141 1496 <cubi
1177 1448 1326 1493 officiis

221 1573 248 1601 (c
277 1553 507 1612 fungimur,
545 1549 590 1593 in
628 1547 724 1591 Deo
754 1541 889 1587 omnis
919 1535 1162 1597 reponenda
1188 1541 1250 1578 est
1271 1532 1328 1576 fi-

222 1657 249 1683 «
281 1636 436 1681 ducia’'
453 1642 539 1683 (17).
560 1663 613 1673 „-
663 1628 794 1674 Paulo
819 1624 1002 1684 apertius
1024 1621 1070 1664 in
1093 1620 1330 1676 Apologia

216 1724 328 1767 haec
369 1717 558 1778 scripsit:
620 1731 645 1758 <c
675 1728 699 1757 a
735 1725 820 1769 quo
854 1708 952 1754 inde
991 1713 1181 1764 tempore
1215 1702 1330 1748 Deus

225 1825 253 1853 (t
281 1806 425 1851 oculos
454 1801 558 1846 mihi
594 1796 781 1857 aperuit,
817 1801 863 1837 ut
905 1792 1012 1837 viam
1044 1787 1186 1833 salutis
1215 1799 1332 1830 meae

227 1909 254 1937 ι(
280 1887 534 1940 invenirem,
567 1897 693 1941 quam
742 1880 928 1930 sincere,
970 1872 1148 1919 candide
1189 1878 1229 1916 et
1261 1870 1332 1913 in-

227 1993 255 2020 «
286 1971 442 2018 dustrie
468 1966 687 2029 quaesivi,
724 1979 772 2008 ea
817 1976 904 2005 non
949 1960 1179 2010 damnans,
1227 1968 1334 2012 quae

231 2076 257 2104 c<
286 2055 388 2102 mihi
401 2068 486 2098 non
500 2053 791 2100 innotuerant,
818 2045 941 2089 fidem
964 2042 1199 2101 religiosam
1220 2054 1335 2083 sem-

234 2159 259 2186 «
288 2156 367 2200 per
393 2137 576 2190 servavi,
609 2147 742 2190 neque
767 2131 821 2174 ab
851 2144 899 2174 ea
923 2142 991 2172 me
1020 2124 1157 2171 divelli
1186 2137 1334 2183 passus

237 2243 262 2269 (ε
292 2239 382 2269 sum
407 2255 418 2275 ‚
485 2221 550 2265 vel
598 2213 875 2262 invitamentis
899 2245 911 2266 ‚
970 2211 1031 2255 vel
1092 2207 1335 2267 promissis,
