1487 2703
235 182 286 218 90
487 168 1155 211 COMMENTATIO

371 521 433 560 De
461 521 618 575 Josephi
649 525 690 560 in
722 524 847 562 urbem
880 524 1037 563 Romam
1061 526 1213 566 itinere.

288 710 331 748 In
369 719 448 748 tota
485 710 708 758 antiquitate
750 719 822 748 tam
862 712 962 760 apud
1007 710 1199 750 Romanos
1245 723 1358 760 quam

237 779 335 827 apud
374 779 567 826 Graecos,
597 779 806 818 invenimus
843 781 946 819 viros
977 792 1133 830 magnos
1160 781 1198 819 in
1229 781 1359 830 primis

238 849 469 896 historicos,
499 850 592 898 qui,
619 852 679 888 vel
717 850 762 888 ad
796 858 953 888 mentem
993 851 1257 898 excolendam,
1283 849 1362 889 ani-

239 931 425 968 mumque.
457 919 758 967 informandum,
798 922 856 958 vel
893 922 936 959 ad
974 928 1177 959 accuratam
1212 932 1359 967 rerum,

238 991 284 1028 de
319 990 457 1038 quibus
484 991 684 1038 aliquando
723 990 901 1039 scripturi
933 998 1047 1038 sunt,
1086 989 1256 1028 notitiam
1289 989 1364 1027 sibi

236 1061 547 1108 comparandam,
587 1060 718 1098 itinera
766 1072 1028 1110 susceperunt.
1093 1061 1155 1100 Sic
1190 1061 1363 1099 Herodo-

238 1141 330 1179 tus,
358 1143 444 1169 vere
477 1130 763 1179 cognominatus
802 1130 980 1168 historiae
1010 1137 1142 1178 pater,
1169 1129 1239 1168 iter
1273 1129 1364 1168 fecit

237 1202 278 1238 in
308 1201 530 1248 Graeciam,
560 1203 775 1250 Aegyptum
794 1229 807 1248 ,
837 1210 878 1238 ut
906 1211 1035 1239 omnes
1068 1211 1126 1239 res
1156 1199 1365 1239 accuratius

237 1280 495 1321 cognosceret.
560 1272 738 1320 Polybius
786 1271 824 1309 in
871 1271 1118 1320 Aegyptum,
1171 1271 1362 1318 Galliam,

237 1339 482 1389 Hispaniam,
510 1340 674 1379 Africam
713 1349 748 1378 et
777 1341 906 1379 Asiam
946 1341 1127 1379 minorem
1165 1339 1363 1389 profectus

237 1419 310 1449 est.
352 1411 545 1449 Diodorus
568 1411 718 1449 Siculus
741 1422 806 1459 per
828 1421 994 1458 magnam
1020 1409 1222 1458 Europae,
1249 1410 1362 1449 Asiae

235 1489 273 1519 et
309 1481 477 1530 Aegypti
514 1489 654 1529 partem
688 1481 757 1519 iter
793 1480 912 1528 fecit,
961 1481 1100 1528 aliique
1140 1480 1207 1518 alia
1240 1491 1368 1518 susce·

236 1560 372 1599 petunt
411 1552 551 1593 itinera.
604 1552 656 1589 Et
685 1562 773 1590 sane
809 1550 962 1588 remotis
996 1550 1068 1588 illis
1104 1549 1366 1598 temporibus,

238 1623 328 1660 viris
361 1622 482 1660 doctis
514 1633 623 1669 quam
659 1621 816 1659 maxime
846 1632 946 1669 opus
977 1629 1063 1660 erat*
1087 1621 1225 1659 talibus
1258 1621 1367 1658 itine-

237 1693 367 1741 ribus;
397 1692 450 1730 sic
486 1692 581 1729 enim
620 1691 665 1731 iis
700 1691 946 1729 innotuerunt
978 1691 1148 1731 instituta
1175 1699 1212 1729 et
1240 1701 1362 1729 mores

236 1764 388 1802 aliarum
429 1764 623 1812 gentium,
651 1771 808 1810 poetae,
836 1761 1037 1808 historici,
1080 1769 1246 1799 oratores
1285 1760 1366 1799 alii·

238 1846 326 1881 que.
393 1833 455 1871 Sic
498 1844 626 1870 eorum
666 1832 919 1880 manuscripta
963 1831 1036 1870 sibi
1075 1832 1361 1880 comparabant,

239 1912 276 1941 et
306 1904 345 1941 in
376 1903 529 1952 patriam
568 1914 692 1940 secum
735 1902 930 1950 ferebant,
967 1910 1010 1940 ut
1042 1887 1096 1939 ibi
1128 1914 1168 1940 ea
1209 1902 1366 1941 scrutari

238 1983 411 2025 possent.
466 1975 606 2012 Paucae
629 1972 725 2011 enim
754 1972 973 2021 ceteroquin
998 1981 1101 2010 erant
1124 1973 1362 2020 occasiones,

239 2046 378 2095 quibus
424 2045 558 2081 horum
602 2043 772 2081 notitiam
816 2043 884 2081 sibi
933 2043 1193 2090 acquirerent,
1247 2042 1362 2091 quia,

240 2115 410 2163 quamvis
441 2113 700 2151 commercium
739 2112 831 2150 satis
867 2123 1040 2160 magnum
1081 2112 1266 2161 Romanis
1301 2125 1361 2150 es-

241 2196 299 2223 set
336 2184 566 2231 Graecisque
599 2195 683 2222 cum
716 2183 797 2221 aliis
830 2183 1010 2231 populis,
1050 2183 1362 2232 peregrinantium

242 2265 363 2294 tamen
398 2255 623 2294 narrationes
664 2252 800 2292 fabulis
835 2253 962 2292 multis
996 2262 1097 2292 etant
1131 2255 1289 2304 repletae
1326 2262 1363 2292 et

1284 2332 1363 2362 om·
