1487 2703
203 237 251 273 90
437 220 1092 260 COMMENTATIO

201 332 369 370 davimus
411 331 454 368 de
488 330 750 379 adjudicatario
801 330 993 377 pecuniam
1040 330 1306 380 promittente,

199 411 240 440 ut
269 401 510 438 instrumenta
542 398 649 437 fundi
683 399 755 436 sibi
791 400 1009 438 reddantur:
1060 428 1090 447 ‚‚
1131 401 1178 439 Ce
1214 400 1307 440 n’est

195 501 225 520 „
254 486 323 523 que
347 471 390 509 de
422 473 461 508 la
487 479 579 521 part
615 468 667 506 du
704 469 860 515 saisi‚''
886 468 937 506 ait
963 467 1063 519 (1),
1103 498 1133 516 „
1162 483 1232 521 que
1267 471 1306 510 la

194 571 224 590 ‚‚
251 542 402 590 Justice
440 549 492 577 est
526 539 680 586 blassee‚·
720 538 1030 586 l'anudicataire
1067 539 1133 577 n'a
1164 539 1209 578 dc
1243 552 1305 578 son

192 641 224 660 ‚‚
250 614 333 650 co‘td
357 611 471 648 bles-se
498 610 536 645 πὶ
566 609 605 645 la
638 606 816 655 Justice‚
851 609 891 644 m*
912 608 961 646 les
981 608 1110 646 bonnes
1135 621 1303 656 moeurs,

191 710 224 730 ‚‚
251 694 294 719 en
317 687 548 732 promanant
574 687 666 715 cette
695 690 823 716 somme
839 688 934 726 pour
956 680 1066 716 avoir
1087 677 1147 716 des
1167 681 1303 727 mres,

188 781 219 799 „
246 751 335 790 dont
363 752 396 788 il
423 752 530 788 avait
552 749 697 795 besohz,
724 757 760 785 et
786 748 896 798 qu’on
919 760 963 785 m
985 748 1128 787 voulait
1149 759 1220 799 pas
1249 748 1306 786 lui

188 850 219 870 ,‚
245 830 420 869 tjemettre
451 832 535 857 sam
568 819 663 856 cela.
690 818 702 833 ’

236 892 290 930 Et
321 890 534 938 generaliter
571 899 640 936 pro
680 888 805 936 regula
839 887 976 925 assumi
1011 895 1170 935 potest,
1207 888 1300 926 idem

185 962 306 999 locum
348 960 481 997 habere
512 958 550 995 in
582 957 684 994 omni
728 956 979 1004 obligatione,
1035 957 1144 1005 quus
1192 967 1303 994 causa

185 1040 269 1077 est,
298 1038 340 1067 ut
376 1029 461 1077 quis
488 1027 597 1065 faciat
634 1027 698 1073 id,
726 1027 770 1064 ad
806 1027 910 1073 quod
943 1026 1151 1064 faciendum
1185 1027 1303 1065 aliun·

185 1103 230 1138 de
256 1099 442 1146 obligatus
467 1098 539 1146 jam
577 1105 668 1134 erat.
721 1096 820 1133 Idem
854 1095 946 1144 juris
973 1096 1040 1133 erit
1069 1096 1106 1133 in
1138 1107 1302 1135 conven-

186 1172 317 1216 tione,
356 1179 402 1206 ne
437 1166 521 1214 quis
555 1163 694 1210 faciat,
733 1165 835 1211 quod
870 1163 990 1202 facere
1023 1171 1125 1202 vetat
1149 1165 1211 1203 lex
1236 1175 1300 1203 aut

186 1251 322 1278 mores.
350 1256 406 1265 -—
434 1237 494 1275 Sic
533 1234 794 1283 Ulpianus
821 1234 913 1282 (2):
958 1261 989 1280 ,‚
1017 1234 1204 1283 Quotiens
1235 1245 1300 1272 au·

185 1338 216 1357 ‚,
243 1319 316 1347 tem
345 1307 463 1345 solius
489 1303 704 1352 accipientis
727 1303 921 1351 turpitudo
949 1311 1140 1350 versatur,
1158 1304 1295 1342 Celsus

187 1408 218 1427 „
244 1379 322 1424 ait⁹
375 1375 491 1425 repeti
515 1386 654 1422 posse,
709 1372 824 1410 veluti
866 1372 896 1409 si
929 1371 998 1408 tibi
1032 1373 1194 1420 dedero,
1247 1384 1294 1410 ne

185 1477 217 1497 „
245 1447 335 1485 mihi
369 1445 519 1494 injurias
558 1443 687 1480 facias.
703 1442 729 1459 ’'
764 1463 818 1471 —
853 1441 906 1479 Et
948 1450 1047 1479 recte
1085 1452 1171 1480 sane
1211 1453 1294 1480 narn

181 1521 284 1558 hisce
314 1516 460 1558 casibus
497 1514 618 1551 eadem
657 1510 832 1559 applicari
869 1520 1055 1558 possunt,
1084 1523 1177 1558 quae
1205 1522 1293 1549 mox

183 1602 226 1629 ex
250 1586 500 1627 Pothierio
531 1581 739 1620 retulimus.
768 1603 818 1610 —-
843 1580 968 1617 Nocte
996 1581 1033 1617 in
1065 1581 1123 1620 via
1143 1593 1162 1619 a
1189 1593 1292 1628 prae-

179 1663 275 1700 done
307 1656 473 1700 afficior‚
503 1653 567 1700 qui
604 1652 692 1688 mihi
728 1660 885 1688 mortem
917 1650 1091 1689 minatur.
1147 1651 1203 1689 Ut
1236 1651 1291 1689 vi-

181 1742 253 1770 tam
283 1727 372 1767 mihi
401 1725 610 1771 relinquat,
639 1722 685 1758 do
711 1720 765 1757 illi
793 1730 956 1767 magnam
984 1719 1161 1767 pecuniae
1188 1731 1288 1757 sum-

180 1811 301 1847 mam,
346 1807 454 1844 quam
497 1803 638 1830 mecum
678 1788 773 1827 fero.
814 1810 867 1819 —
907 1789 1064 1826 Nullum
1105 1789 1286 1837 dubium,

180 1870 271 1918 quin
307 1878 382 1904 eam
418 1872 580 1910 repetere
609 1860 749 1908 possim
768 1886 781 1905 ‚
824 1869 938 1905 quum
968 1859 1061 1896 nihil
1085 1859 1288 1908 turpitudi-

177 1941 234 1979 nis
266 1938 400 1986 egerim
434 1931 622 1981 pecuniam
658 1930 776 1967 dando
809 1929 854 1966 ad
893 1927 1117 1966 retinendam
1145 1928 1282 1976 vitam,

180 2020 286 2059 quam
313 2007 415 2043 aliter
447 2012 589 2041 servare
617 2010 693 2037 non
720 1999 843 2046 potui.

229 2079 265 2117 T
271 2075 443 2124 urpitudo
479 2072 523 2110 ab
553 2079 709 2117 utraque
739 2077 842 2116 parte
880 2069 981 2106 adest
1008 2069 1046 2106 in
1078 2069 1150 2107 illis
1189 2070 1284 2108 obli·

1224 2151 1283 2187 ga·

214 2245 267 2283 (1)
289 2245 323 2273 L.
341 2242 364 2269 l.
386 2240 436 2267 11⁰.
459 2248 507 2275 44.

217 2301 268 2337 (2)
290 2301 323 2327 ln
341 2299 409 2332 lege
428 2305 458 2331 4.
482 2296 507 2330 §.
530 2301 557 2326 3.
582 2293 610 2320 ff.
631 2293 666 2320 de
691 2291 788 2319 cond.
817 2290 855 2319 ob
878 2297 899 2318 t.
922 2298 948 2321 c.
