1487 2703
202 177 250 213 24
438 157 1101 202 COMMENTATIO

204 272 352 312 divitias
383 270 456 309 sibi
490 270 709 308 cumularet.
774 268 914 307 Incolis
944 279 1078 318 nempe
1116 270 1316 309 Caesareae

203 341 368 390 Philippi
397 341 520 378 deerat
551 340 674 378 oleum
708 334 876 388 purum,
919 339 1005 387 quia
1037 339 1130 379 illud
1165 348 1272 379 antea
1295 352 1315 378 a

200 410 351 460 Judaeis
387 409 587 457 emebant,
625 409 691 447 sed
723 409 796 458 jam
833 419 903 457 pro
942 419 1071 457 magna
1105 408 1262 457 pecunia
1295 419 1318 446 a

207 479 327 529 Syriis
360 479 527 528 accipere
558 478 768 528 debebant;
798 479 901 528 quod
935 490 1020 518 cum
1044 479 1235 528 Johannes
1269 479 1316 519 iis

206 561 228 588 e
255 549 432 590 Gischala
467 549 644 598 praebere
677 549 814 597 vellet,
842 547 970 588 debuit
1004 549 1097 588 illud
1126 548 1318 599 Josephus

205 621 239 659 ei
274 620 513 669 permittere,
555 628 722 658 metuens
757 620 884 659 odium
920 619 1071 668 populi.
1117 637 1173 651 --
1199 619 1321 658 ,Cum

204 698 328 729 autem
364 698 585 739 potestatem
621 702 642 729 a
671 689 855 740 Synedrio
897 690 1103 740 accepisset
1141 689 1324 729 retinendi

206 762 268 799 vel
302 761 518 800 demittendi
554 761 715 810 collegas
732 789 746 808 ‚
799 772 864 799 eos
905 762 980 811 Jam
1022 761 1323 809 Hierosolymam

209 831 375 879 remisit,
403 831 580 880 quoniam
610 830 840 879 intelligebat
859 842 926 870 eos
949 830 1066 881 magis
1099 830 1173 869 sibi
1190 831 1325 870 obesse

210 911 321 948 quani
349 901 527 948 prodesse
553 899 638 949 (1).

257 969 340 1018 Jam
380 980 508 1013 omnes
547 970 645 1008 vires
680 970 839 1009 intendit
872 978 915 1008 ut
950 978 1166 1019 pararentur
1188 980 1323 1018 arma,

211 1039 401 1087 urbesque
431 1039 703 1078 munitionibus
738 1040 985 1080 firmarentur.
1060 1040 1161 1080 Cum
1204 1049 1328 1079 autem

211 1108 374 1147 latrones
401 1109 543 1158 ubique
563 1111 754 1159 regionem
786 1112 1019 1151 devastarent
1046 1120 1082 1150 et
1107 1122 1327 1160 persuasum

214 1178 292 1228 ipsi
324 1189 422 1219 esset
445 1180 530 1230 cogi
557 1192 792 1230 nequaquam
818 1192 884 1220 eos
904 1193 1017 1231 posse
1036 1182 1082 1221 ad
1102 1182 1141 1220 id
1166 1190 1210 1220 ut
1230 1193 1330 1219 arma

217 1248 473 1298 deponerent,
511 1261 638 1299 pacem
666 1251 712 1289 ab
745 1250 792 1289 iis
826 1251 1006 1299 redemit,
1049 1251 1136 1299 quia
1163 1250 1260 1289 nihil
1295 1250 1330 1288 ei

217 1318 422 1368 optabilius
450 1319 646 1359 videbatur
678 1332 789 1368 quam
813 1329 855 1359 ut
875 1320 1040 1359 Galilaea
1065 1320 1331 1369 tranquillitate

219 1387 432 1438 frueretur,
486 1389 705 1438 incolaeque
740 1402 762 1429 a
804 1391 965 1438 partium
1000 1389 1136 1428 studiis
1166 1389 1330 1428 abstine·

218 1467 338 1511 rent⁰>
395 1459 502 1498 Hanc
539 1460 589 1498 ob
636 1471 714 1498 rem
758 1460 865 1498 etiam
909 1459 1143 1509 septuaginta
1181 1471 1201 1498 e
1237 1459 1332 1499 viris

218 1529 451 1578 principibus
486 1539 524 1568 et
559 1529 742 1579 primariis
779 1529 918 1578 elegit,
971 1530 1037 1578 qui
1075 1530 1121 1568 de
1157 1529 1332 1569 omnibus

222 1599 332 1637 rebus
358 1600 510 1650 majoris
537 1600 713 1639 momenti
739 1611 825 1638 cum
851 1612 895 1638 eo
918 1600 1072 1638 consilia
1101 1600 1263 1648 inirent,
1290 1608 1333 1638 ut

223 1678 260 1707 et
289 1678 430 1718 septem
466 1670 560 1709 alios
604 1671 672 1719 qui
715 1671 754 1709 in
802 1670 913 1709 rebus
955 1670 1108 1710 minoris
1154 1671 1334 1709 momenti

225 1740 379 1779 consilia
412 1741 567 1790 darent3
604 1742 643 1780 hi
674 1750 824 1788 autem,
860 1740 1010 1779 arctiori
1042 1740 1223 1779 amicitiae
1250 1740 1335 1783 vin-

224 1812 312 1849 culo
346 1811 419 1860 ipsi
455 1811 672 1862 conjuncti,
720 1822 808 1850 mox
844 1823 928 1851 eum
958 1822 1105 1850 summo
1140 1821 1264 1848 amore
1297 1818 1334 1850 et

230 1881 487 1919 benevolentia
514 1881 704 1930 prosecuti
737 1888 843 1921 sunt.

270 1950 459 2000 Johannes
491 1959 611 1990 autem
629 1980 643 2000 ‚
688 1951 753 1999 qui
786 1952 880 1990 illud
911 1951 1021 1991 unice
1051 1950 1253 1998 studebat,
1294 1957 1338 1988 ut

226 2031 413 2060 summum
455 2021 649 2070 imperium
679 2020 1003 2070 principatumque
1032 2020 1208 2060 Gamalae
1240 2019 1337 2058 acci-

1215 2142 1220 2150 „
1271 2100 1338 2139 pe·

266 2187 317 2224 (ι)
337 2189 388 2219 Cf.
413 2190 449 2217 de
480 2189 562 2218 hisce
590 2190 657 2226 Jos,
683 2188 746 2218 Vit.
780 2189 806 2223 S.
836 2198 888 2224 12,
914 2196 956 2223 ¹3-
987 2188 1064 2216 Bell.
1102 2187 1173 2223 jud.
1213 2187 1255 2216 Π.
1287 2195 1333 2217 21.

227 2243 255 2283 §.
280 2254 312 2279 ι,
335 2254 361 2273 a.
