1487 2703
347 163 621 204 BOTANJCO
632 163 1038 204 -OECONOMICA.
1201 175 1242 201 ιι

163 277 262 324 'Jam
304 275 528 313 Putsche
560 282 713 321 monet,
751 274 889 312 Solana
921 273 1104 312 Drakio
1144 273 1250 311 inno-

133 346 253 385 tuisse
268 346 345 385 ¹A·’.
373 348 466 393 1578
483 373 495 391 ‚
523 346 609 382 dum
639 343 743 382 hicce
766 344 803 381 in
830 344 919 382 mari
948 343 1101 391 pacifico
1127 354 1250 380 versa-

134 425 264 461 retur,
291 415 423 452 nullibi
458 423 577 452 autem
605 414 807 461 quidquam
830 413 995 451 invenire
1012 412 1150 461 potui,
1180 412 1252 450 nisi

136 485 299 531 quodD
313 484 420 522 take
436 512 448 528 ,
478 490 645 531 tempore
666 496 743 531 quo
772 486 816 522 ad
836 484 991 522 insulam
1015 484 1190 522 Mocharu
1212 483 1248 520 in

134 555 305 592 anchoris
327 554 468 601 fuerit,
497 555 541 592 ab
572 555 703 592 incolis
730 554 867 592 radices
886 555 1059 602 quasdam
1087 553 1252 601 accepis-

134 636 188 662 se.
257 624 438 674 Quamvis
477 635 575 662 nunc
615 636 775 671 prorsus
815 636 892 662 non
932 633 1077 672 pateat,
1125 625 1252 671 quales

136 694 273 732 radices
309 704 459 739 essent,
507 695 644 732 Solana
679 706 754 732 non
798 694 915 732 fuisse
952 705 1050 733 certe
1088 693 1256 731 exhiberi

136 765 298 813 nequit,
326 776 408 802 nam
435 766 504 803 hos
536 766 682 802 fructus
719 777 802 802 cum
827 765 908 802 aliis
947 764 1156 810 radicibus,
1185 763 1257 800 sibi

136 834 274 882 ignotis
300 834 466 882 accipere
491 835 690 882 potuisse,
721 835 814 872 nihil
837 845 950 872 vetat.

188 905 353 943 Exhibet
378 905 462 942 dein
496 906 589 943 idem
621 906 647 942 P
667 906 870 952 utsche‚
915 917 1022 952 quem
1051 905 1112 942 alii
1149 904 1260 941 bene-

99 989 102 991 *
139 976 245 1014 multi
271 975 389 1014 secuti
416 984 533 1019 sunt,
551 975 734 1013 Drakiu
748 987 782 1011 1n
804 975 980 1012 solanum
1007 975 1216 1011 tuberosum
1238 985 1257 1009 e

140 1046 255 1084 Perua
287 1045 325 1083 in
358 1045 567 1093 ‘Virginiam
612 1045 874 1090 transtulisse,
902 1054 1014 1091 atque
1052 1043 1180 1081 exinde
1221 1044 1259 1080 in

133 1115 311 1165 'Angliain
339 1123 375 1152 et
403 1116 456 1152 sic
478 1125 591 1163 porro
608 1143 620 1160 .,
662 1114 717 1151 uti
740 1125 867 1163 ¹supra
909 1114 1084 1152 vidimus.
1141 1114 1257 1163 Quod

131 1192 230 1224 rver‘o
257 1185 480 1224 assertiones
506 1185 665 1230 attinet,
694 1185 833 1221 Solana
858 1196 877 1221 a
900 1182 1083 1221 Drakio
1112 1183 1148 1220 in
1177 1183 1266 1220 Vir-

143 1257 277 1305 giniam
318 1256 437 1293 delata
477 1265 748 1301 esse‚·neque
787 1254 899 1302 hujus
943 1253 994 1291 rei
1038 1254 1292 1301 mentionem-

141 1324 277 1363 factam
307 1324 433 1361 inveni
453 1352 465 1366 ,
505 1335 626 1370 neque
664 1335 721 1360 rne
755 1335 972 1371 persuasum
1016 1323 1148 1360 habere
1177 1316 1271 1371 pos}

144 1407 247 1443 sum,
300 1404 464 1433 nostram
502 1395 660 1441 plantam
709 1403 792 1430 ante
843 1392 1012 1431 Drakii
1064 1393 1262 1431 adventurn
1315 1411 1325 1425 ψ

144 1466 182 1504 in
235 1466 404 1503 America
453 1464 732 1512 septentrionali
772 1474 848 1500 non
893 1462 1041 1508 fuisse,
1081 1463 1265 1510 imprimis

144 1538 233 1575 dum
283 1535 453 1580 viderim,
485 1535 629 1582 Anglos
679 1534 728 1571 ibi
767 1533 888 1581 pisces
916 1560 928 1578 ‚
968 1543 1079 1578 aves,
1131 1534 1266 1570 multas

145 1606 323 1651 fructus,
350 1607 492 1652 plantas
513 1604 725 1650 radicesque
751 1603 868 1641 varias
894 1603 1089 1650 reperisse.
1116 1602 1202 1649 (ι).

198 1675 395 1724 Quidquid
418 1675 467 1712 sit
495 1686 537 1712 ex
571 1675 690 1712 allatis
717 1685 794 1711 non
820 1673 953 1721 collegi
975 1681 1124 1721 potest,
1153 1674 1270 1710 Dra-

1133 1743 1180 1780 ki
1199 1756 1266 1780 um

189 1827 351 1862 (Perverse
372 1835 468 1856 tamen
481 1828 545 1856 illic
565 1829 678 1856 dictum
690 1828 821 1863 viderur,
834 1829 859 1854 D
873 1837 886 1856 r
896 1837 910 1856 a
920 1829 938 1856 k
956 1828 993 1858 iu
1004 1836 1031 1855 m
1050 1828 1078 1855 in
1090 1827 1163 1855 mari
1173 1827 1272 1859 sepui-

150 1887 252 1913 chrum
277 1894 364 1914 suum
390 1885 564 1919 invenisse,
586 1886 720 1914 occurrit
746 1893 857 1920 nempe
886 1885 1079 1920 Epitaphium
1100 1875 1255 1918 sequens:¹

264 1976 286 1992 ,‚
307 1957 403 1991 Quem
428 1956 527 1984 timuit
548 1956 645 1984 saevis
667 1956 883 1990 Neptunus
905 1954 935 1982 in
958 1954 1044 1982 undis

264 2033 287 2049 „
308 2015 344 2041 Et
365 2013 455 2041 rediit
478 2021 544 2041 toto
572 2013 672 2041 victor
690 2013 726 2041 ab
752 2014 896 2047 Oceano,

267 2092 290 2107 ‚‚
309 2071 506 2105 Foedifragos
528 2073 664 2105 pellens,
691 2073 797 2105 pelago
820 2069 983 2104 prostavit
1000 2069 1103 2096 Iberos

265 2148 288 2163 Ξ,
316 2128 506 2156 Drakius.
535 2127 605 2155 huic
623 2129 752 2155 tumulus
772 2126 914 2161 aequoris
930 2127 1005 2153 unda
1028 2124 1135 2160 fuin'7

185 2198 242 2234 (1)
263 2200 311 2229 Cf.
335 2200 419 2227 Hist.
445 2199 478 2225 de
497 2199 528 2225 Ia
547 2198 710 2233 Virginis,
728 2203 788 2230 par
817 2204 855 2221 un
878 2201 993 2221 auteur
1014 2195 1108 2229 natis
1121 2200 1152 2220 nt
1185 2194 1270 2221 lubi-

155 2264 229 2286 mnt
245 2258 284 2285 du
313 2258 407 2292 Pars,
427 2265 463 2282 ex
484 2257 583 2290 Angla
604 2262 733 2280 surmont
762 2253 876 2280 transl.
901 2254 997 2279 Amet.
1021 2258 1104 2285 1705.
1131 2259 1198 2285 pag.
1222 2259 1270 2280 10.
