1544 2693
532 191 916 240 ORATIO.
1222 200 1278 239 21

170 325 252 368 hac
275 338 358 367 una
383 324 434 368 de
457 338 578 369 causa
595 358 608 380 ,
630 326 743 383 quod
765 340 1018 387 magnopere
1033 326 1099 371 ille
1115 323 1164 372 (fe
1181 343 1278 373 vera

168 407 366 466 religione
409 415 448 452 et
490 409 630 453 Patria
656 417 874 453 meruerat.
936 409 1106 462 Videte,
1140 426 1279 468 quan-

166 500 313 551 topere
348 492 393 535 id
433 507 555 536 curae
601 493 754 537 habeat
797 494 1024 552 cordique,
1054 501 1099 538 ut
1138 509 1277 539 veram

165 576 406 635 religionem
446 576 786 622 Reformatorum
839 586 878 621 et
926 578 1110 622 Patriam
1157 577 1278 622 simul

166 667 303 713 curet,
335 673 442 716 quae
466 666 642 716 utraque
677 659 721 702 in
749 660 954 704 Guilielmi
988 669 1125 705 mente
1159 667 1276 705 arcte

163 750 283 800 erant
322 742 556 798 conjuncta.
651 741 698 784 In
743 743 892 799 quibus
931 757 1032 787 sane
1074 743 1275 802 Epistolis

164 826 375 869 armorum
402 823 619 867 victoriam
653 838 738 868 non
779 826 885 870 adeo
927 826 1101 870 militum
1138 825 1275 871 virtu-

163 909 221 962 ti,
251 907 325 952 sed
365 905 428 951 Illi
465 907 631 961 tribuit,
663 909 728 952 cui
754 908 890 968 ipsam
929 909 1100 958 militum
1140 910 1275 956 virtu-

163 1001 246 1038 tem
288 999 502 1051 acceptam
540 993 692 1047 refert,
723 993 816 1037 Deo
850 994 904 1038 Ο.
921 995 982 1040 Μ.
1014 1018 1063 1027 --
1110 995 1275 1053 Quodsi

164 1075 337 1120 interius
378 1075 422 1119 in
464 1076 669 1121 Guilielmi
698 1077 877 1121 animum
913 1078 1124 1135 inquirere
1151 1077 1273 1132 velis,

165 1167 388 1219 supersunt
421 1163 689 1216 Epistolae,
720 1161 887 1205 intimae
918 1162 1084 1221 pietatis
1124 1168 1272 1215 testes,

164 1242 227 1288 ad
266 1246 556 1300 Reformatos
593 1248 808 1302 Belgicos
860 1248 1172 1289 Londinenses
1221 1252 1270 1293 (9)

163 1329 309 1382 datae,
364 1327 515 1384 quibus
572 1328 623 1372 iis
675 1328 931 1387 persuadere
983 1329 1149 1382 studet,
1199 1336 1272 1382 ut,

163 1411 409 1456 Christianis
433 1411 542 1455 ducti
570 1411 787 1470 principiis
802 1445 813 1465 ‚
839 1411 1037 1456 fratribus
1057 1412 1102 1455 in
1126 1411 1272 1470 Belgio

164 1501 409 1539 succurrant
432 1501 471 1537 et
506 1508 670 1538 omnem
693 1494 859 1538 Patriae
883 1493 1155 1539 vindicandae
1192 1509 1273 1539 cu-

162 1594 252 1622 ram
279 1577 359 1622 Dei
383 1592 550 1620 causam
580 1576 734 1630 habet,
778 1594 804 1620 ((
827 1591 908 1635 pro
948 1592 1030 1634 qua
1068 1577 1270 1632 lubens,”

162 1662 223 1706 uti
245 1661 324 1715 ait,
355 1677 380 1704 <c
399 1660 543 1704 militat
556 1660 890 1718 unusquisque.''
923 1660 1009 1720 Sed
1026 1661 1126 1718 quid
1141 1661 1273 1706 haec—

162 1761 213 1790 ce
231 1760 418 1790 memoro
433 1746 455 1788 ’.Ρ
495 1745 590 1788 Jam
622 1744 729 1788 enim
752 1751 931 1788 vestrum
956 1744 1147 1803 plurimis
1170 1760 1272 1790 sue-

166 1831 319 1884 currit,
349 1844 433 1886 quo
464 1836 615 1888 pacto,
645 1828 798 1872 amisso
833 1828 1058 1882 Hademo,
1089 1829 1272 1874 animum

165 1914 370 1960 addiderit
388 1912 559 1972 Sonoyo
573 1945 584 1966 ,
610 1912 661 1956 de
681 1912 846 1956 Patriae
869 1926 995 1956 causa
1012 1912 1271 1971 desperanti,

164 1998 243 2043 nisi
273 1999 379 2042 forte
417 2011 509 2040 cum
547 1995 741 2054 Principe
781 1995 964 2052 quodam
1001 1995 1149 2039 foedus
1186 1996 1272 2040 ini-

163 2083 264 2127 isset
291 2080 555 2125 Arausiacus.
598 2096 623 2124 <c
641 2080 767 2123 Estne
799 2104 848 2111 -—
881 2079 938 2122 ita
962 2078 1202 2124 Guilielmus
1219 2102 1268 2113 -

165 2182 190 2209 (t
220 2171 444 2223 propterea
492 2163 572 2206 Dei
608 2178 754 2206 manus
798 2164 930 2206 fracta
976 2162 1267 2220 aliquatenus?

164 2265 189 2292 α
221 2248 355 2305 ejusve
396 2246 581 2291 Ecclesia
630 2245 828 2305 perdita?
903 2262 1008 2291 anne
1045 2256 1270 2307 propterea
