1487 2703
418 175 696 216 BOTANICO
711 199 724 206 -
739 175 1118 215 OECONOMICA.
1250 188 1320 222 109

204 297 323 324 rarum
345 285 433 324 fecit
457 298 540 325 cum
569 286 945 334 Bougainville
980 285 1180 334 specimina
1213 296 1318 333 carp-

204 357 254 393 sit
298 368 417 405 prope
457 356 714 402 Momevidm,
757 357 843 394 dum
884 357 1117 395 Baldwin
1171 365 1208 394 et
1260 367 1322 394 na-

204 427 361 465 varchus
392 427 598 465 Bowles
627 439 701 464 rem
736 426 899 475 propriis
931 427 1014 464 suis
1047 426 1169 464 oculis
1207 427 1321 464 visam

205 497 396 535 certiorem
431 497 695 544 reddiderunt,
741 498 914 545 idemque
955 497 1186 535 ssaldwin
1224 496 1316 534 hanc

203 569 362 615 plantam
393 568 537 605 invenit
570 568 616 605 ad
642 577 843 615 utrumque
879 568 975 605 latus
1005 567 1169 605 fluminis
1192 567 1320 616 cujus·

203 637 282 675 dam
299 665 312 684 ‚
339 639 435 675 circa
458 636 704 675 Maldonado.
731 638 755 687 ζ
763 637 804 685 1)

253 707 407 745 Domb
424 719 481 755 ey
535 707 705 756 perhibet
764 719 843 745 eam
883 719 1049 746 crescere
1096 709 1135 746 in
1186 716 1318 746 catena

203 776 401 823 Andium,
440 778 556 825 inque
591 777 717 825 Sylvis
751 779 875 816 Sama
901 779 960 817 Fe
984 777 1028 815 de
1064 778 1204 829 Bogota
1241 790 1317 826 quo

200 849 284 885 loco
321 848 429 885 etiam
463 856 604 896 reperta
629 847 703 885 fuit
736 859 755 884 a
781 849 869 886 Don
901 848 1172 886 Francisco
1200 850 1316 895 Zea,

199 919 265 967 qui
290 918 400 957 simul
437 908 782 956 indicat'rationem
797 947 810 964 ‚
838 930 952 966 quare
975 930 1143 956 summus
1171 918 1208 956 H
1224 931 1247 956 u
1263 931 1318 957 m·

197 989 343 1037 bold,
374 989 462 1027 dum
501 988 577 1027 illis
622 988 837 1037 regionibus
871 988 1115 1043 versabatur2
1150 997 1313 1027 nostram

193 1060 354 1107 plantam
390 1059 512 1107 detegi
538 1070 615 1097 non
646 1067 843 1108 potuerat,
872 1059 958 1107 quia
992 1059 1134 1097 scilicet
1163 1067 1311 1108 tempus

194 1137 243 1167 et<
280 1129 429 1168 occasio
474 1141 583 1168 veros
640 1131 746 1168 locos
795 1131 934 1168 natales
974 1129 1130 1168 adeundi
1157 1129 1316 1168 Hum-

191 1199 392 1238 boldtio
419 1200 568 1238 deerant
594 1201 678 1249 (2).
892 1250 895 1253 K

186 1280 189 1282 ·
240 1270 275 1308 E
315 1269 449 1307 litteris
489 1281 602 1318 porro
627 1298 641 1317 ,
689 1269 735 1307 ab
779 1270 1080 1309 Alexandro
1134 1270 1310 1309 Calde·

189 1340 342 1388 leugh
367 1339 518 1389 scriptis
532 1340 568 1380 d.
590 1350 639 1388 24
657 1352 705 1381 m.
729 1340 921 1379 Februarii
945 1342 1117 1387 1822‚et
1140 1351 1186 1377 ex
1212 1339 1302 1378 urbe

187 1411 262 1450 Rio
281 1409 446 1460 Janeiro
476 1411 522 1449 ad
546 1410 571 1449 S
586 1410 706 1448 abin
722 1422 741 1447 e
766 1411 890 1448 missis
907 1438 921 1457 ,
949 1418 1097 1448 constat
1125 1410 1300 1449 Solanum

182 1481 390 1520 tuberosum
420 1480 471 1519 L.
499 1491 627 1529 magna
659 1480 770 1528 copia
793 1479 970 1518 obvenire
997 1480 1034 1517 in
1059 1479 1165 1517 vallis
1192 1489 1299 1517 mon·

185 1551 280 1589 tium
301 1549 396 1588 circa
412 1550 584 1589 Montem
607 1550 835 1600 Valparaiso
849 1577 863 1596 ‚
877 1551 964 1588 dum
984 1548 1083 1587 addit
1097 1577 1110 1597 ‚
1131 1549 1268 1587 radices
1283 1578 1296 1596 ,

183 1632 276 1670 quas
300 1621 446 1660 incolae
467 1620 621 1671 Maglia
645 1620 855 1667 vocabant,
871 1631 1001 1668 parvas
1027 1630 1135 1667 esse,
1152 1619 1296 1668 saporis

180 1691 410 1730 amaricantis
439 1699 476 1729 et
507 1676 648 1729 nullius'
675 1701 780 1729 usus.
808 1689 877 1739 (3)

180 1790 184 1794 .
229 1761 434 1801 Dickso
449 1772 474 1799 n
491 1789 505 1809 ,
568 1760 710 1799 rediens
775 1772 794 1797 e
841 1760 947 1798 Bono
995 1760 1092 1799 Aere
1130 1760 1291 1798 animad-

1212 1841 1292 1869 ver-

210 1959 261 1997 (1)
281 1960 311 1998 J.
332 1963 374 1990 Sa
388 1958 502 1994 bine,
523 1960 598 1987 iiber
614 1958 668 1986 elas
688 1957 864 1987 Vaterland
879 1957 935 1984 der
955 1956 1066 1984 wilden
1086 1956 1262 1992 Kartoffeln
1275 1975 1284 1989 ,

171 2017 203 2046 in
217 2018 272 2046 das
288 2018 392 2047 Neues
412 2018 504 2052 Allg.
536 2016 841 2053 Garun-Magazin
855 2035 865 2050 ,
884 2016 918 2043 B.
944 2015 983 2045 11.
1002 2022 1071 2049 pag.
1097 2022 1168 2049 107,
1190 2022 1221 2042 et
1243 2017 1282 2042 Λ.

173 2075 439 2116 B.-Lambert,
463 2076 486 2103 1.
510 2081 538 2104 c.
572 2062 576 2069 ”

207 2132 259 2170 (2)
278 2116 421 2162 Dii-tion.
446 2131 495 2159 des
524 2132 643 2161 Scienc.
674 2131 833 2159 medicale:
865 2135 950 2165 etc„
975 2129 1039 2158 Par.
1069 2133 1160 2165 1820,
1194 2130 1284 2158 Τοπε,

168 2191 274 2220 XLIV.
297 2199 363 2226 pag.
385 2198 458 2226 271,
480 2196 512 2218 et
536 2189 742 2224 Lambert‚
763 2190 786 2218 1.
809 2196 837 2217 c.

207 2249 259 2284 (3)
282 2249 382 2276 Neues
403 2249 491 2284 ΑΗΕ.
515 2247 837 2282 Garun-Magum,
861 2247 898 2276 Β.
925 2245 961 2273 11.
979 2251 1046 2280 pag.
1078 2253 1144 2281 109,
