1487 2703
420 193 926 235 Ll'rERthlA.
1172 209 1243 246 ηρ,

132 304 217 343 dein
249 303 320 342 sub
353 303 503 352 regibus
534 303 812 352 superstitionis
842 313 878 342 ct
908 305 1136 343 idololatriae
1174 306 1246 343 cri-

130 375 227 413 mina
256 373 534 421 commiserint,
572 374 688 411 donec
716 375 861 412 tandem
879 402 890 421 ‚
918 385 1119 422 numquam
1154 386 1245 413 con-

132 444 223 483 tenti
261 443 308 482 iis
342 454 437 491 quae
473 443 682 491 habebant,
720 456 740 481 a
775 445 858 482 Deo
888 444 1038 492 puniti,
1067 445 1139 492 ipsi
1168 444 1248 483 fue·

128 515 205 553 rint
234 525 346 553 causa
376 515 435 551 sui
467 513 663 552 interitus:
694 514 782 551 haec
815 515 937 553 omnia
966 514 1157 552 verissime
1189 516 1250 552 de-

129 585 261 624 scribit
298 594 334 623 et
359 585 452 622 nihil
482 584 634 623 silentio
667 584 941 632 praetermittit.
997 584 1251 623 Conferamus

130 656 242 694 modo
276 655 494 702 orationes,
534 666 625 703 quas
664 654 938 702 Hierosolymis
967 654 1166 701 obsessis,
1207 655 1252 692 ad

128 727 312 774 populum
344 725 489 763 habuit.
542 725 684 773 Aperte
710 724 748 761 in
773 724 847 762 illis
869 725 1066 762 declaravit
1089 725 1253 773 judaeos

129 806 211 833 esse
245 806 392 833 causam
423 795 589 834 omnium
624 795 835 841 malorum,
872 806 965 842 quae
1001 793 1075 832 illis
1113 795 1254 833 accide-

127 873 210 904 rant
235 865 320 914 (1).
373 864 528 902 Verbo:
573 865 719 912 quando
751 864 909 913 josephi
952 876 1065 913 opera
1096 865 1252 913 legimus

124 935 256 986 Judaei
282 933 395 973 nobis
427 943 695 984 proponuntur
729 921 1117 983 tanquanspoptfflis,
1136 935 1256 984 ingra-

127 989 219 1053 tus,
259 1005 460 1046 seditiosus
503 1014 539 1043 et
569 1014 700 1043 contra
739 1006 860 1044 Deum
904 1017 986 1043 sese
1026 988 1252 1055 opponensg,

127 1074 179 1117 ita
216 1084 288 1127 ut,
337 1076 370 1116 si
402 1077 529 1121 forsan
566 1062 747 1113 nunnulla
785 1076 1031 1123 praetermISit
1064 1072 1255 1124 Jo‘sephus

129 1157 223 1193 quae
257 1146 296 1184 in
324 1146 375 1184 V.
405 1132 449 1184 F.
479 1153 707 1193 occurrunt,
736 1154 783 1195 ret
824 1157 918 1192 quae
953 1145 1104 1196 Judaeis
1131 1147 1253 1183 minus

129 1224 218 1260 siunt
253 1216 488 1266 honorifica,
529 1215 616 1253 haec
650 1226 726 1252 non
763 1214 884 1264 egisse
911 1216 1079 1254 videatur
1110 1224 1153 1253 ut
1188 1227 1256 1263 po-

127 1285 210 1339 puli
245 1286 305 1329 sui
339 1271 430 1323 {fitia
466 1294 686 1332 excusaret,
715 1287 780 1323 sed
815 1288 874 1323 vel
900 1299 967 1334 per
995 1287 1253 1335 negligentiam

127 1353 266 1399 factum
305 1342 407 1413 fuit,
448 1357 509 1394 vel
545 1356 623 1407 ipusi
647 1367 726 1393 non
763 1366 819 1394 est
855 1357 1145 1405 imputandum,
1191 1369 1254 1394 ve-

127 1411 821 1473 rtim‘temporumvicissitudinibus,
850 1437 941 1474 quas
969 1426 1096 1465 subire
1119 1426 1255 1464 debue-

129 1503 218 1533 runt
249 1496 329 1546 ejus
358 1508 470 1544 opera
498 1486 583 1544 (2).

178 1565 272 1604 Non
306 1575 442 1604 temere
468 1566 583 1615 igitur
619 1557 904 1605 conchjdimus:
949 1567 1151 1618 Joseplzum
1180 1580 1253 1604 om·

129 1637 216 1676 nino
242 1638 365 1688 fuisse
391 1640 552 1675 amicum
583 1638 642 1674 sui
667 1638 820 1688 populi,
858 1639 917 1674 ita
952 1646 1025 1684 ut,
1055 1637 1117 1675 ubi
1139 1647 1256 1688 potest

126 1706 234 1746 illum
269 1719 382 1758 quam
422 1709 586 1745 maxime
619 1706 773 1753 laudet,
821 1706 886 1746 sed
921 1707 997 1744 tali
1028 1705 1130 1745 modo
1152 1735 1164 1754 ‚
1212 1716 1255 1744 ut

129 1777 280 1815 minime
325 1779 536 1816 auctoritas
569 1778 644 1816 sive
676 1775 768 1825 fides
817 1777 893 1826 ejus
940 1776 1125 1816 historica
1168 1776 1254 1815 inde

130 1844 395 1887 detrimentum
426 1849 570 1899 capiat.

166 2000 220 2040 (ι)
241 2001 293 2031 Cf.
314 2003 394 2032 Bell.
415 2002 489 2039 Jud.
512 2001 564 2031 VI.
589 2012 617 2031 2.
639 2008 700 2031 etc.

165 2057 221 2096 (α)
243 2062 316 2089 Sunt
342 2060 488 2088 nonnulla
512 2068 528 2087 a
544 2060 684 2097 Josepho
707 2058 938 2095 praetermissa,
959 2067 993 2089 v.
1014 2067 1044 2095 g.
1068 2059 1159 2089 vituli
1175 2061 1247 2090 ado-

126 2115 203 2146 ratio
229 2114 262 2146 iu
285 2116 428 2152 deserto,
449 2124 533 2150 etc-3
556 2117 593 2145 de
618 2125 675 2152 qua
702 2117 750 2148 Cf.
771 2124 860 2154 supra
883 2116 973 2147 dicta.

1135 2351 1172 2401 §-
1204 2365 1239 2402 3·
