<?xml version="1.0" encoding="UTF-8"?>
<!DOCTYPE html PUBLIC "-//W3C//DTD XHTML 1.0 Transitional//EN"
    "http://www.w3.org/TR/xhtml1/DTD/xhtml1-transitional.dtd">
<html xmlns="http://www.w3.org/1999/xhtml" xml:lang="en" lang="en">
 <head>
  <title>
</title>
<meta http-equiv="Content-Type" content="text/html;charset=utf-8" />
  <meta name='ocr-system' content='tesseract 3.04.00' />
  <meta name='ocr-capabilities' content='ocr_page ocr_carea ocr_par ocr_line ocrx_word'/>
</head>
<body>
  <div class='ocr_page' id='page_1' title='image "annalesacademiae34rhen_0601.png"; bbox 0 0 1487 2703; ppageno 0'>
   <div class='ocr_carea' id='block_1_1' title="bbox 320 203 1176 258">
    <p class='ocr_par' dir='ltr' id='par_1_1' title="bbox 320 203 1176 258">
     <span class='ocr_line' id='line_1_1' title="bbox 320 203 1176 258; baseline -0.007 -5"><span class='ocrx_word' id='word_1_1' title='bbox 320 203 866 253; x_wconf 78' lang='lat' dir='ltr'>&#39;LITERAR1A.</span> <span class='ocrx_word' id='word_1_2' title='bbox 1125 210 1176 258; x_wconf 81' lang='lat'>67</span> 
     </span>
    </p>
   </div>
   <div class='ocr_carea' id='block_1_2' title="bbox 32 319 1197 2034">
    <p class='ocr_par' dir='ltr' id='par_1_2' title="bbox 64 319 1180 652">
     <span class='ocr_line' id='line_1_2' title="bbox 65 319 1175 371; baseline -0.005 -10"><span class='ocrx_word' id='word_1_3' title='bbox 65 323 196 362; x_wconf 88' lang='lat' dir='ltr'>habuit</span> <span class='ocrx_word' id='word_1_4' title='bbox 235 321 339 371; x_wconf 88' lang='lat' dir='ltr'>quod</span> <span class='ocrx_word' id='word_1_5' title='bbox 377 329 480 371; x_wconf 89' lang='lat' dir='ltr'>patet</span> <span class='ocrx_word' id='word_1_6' title='bbox 515 321 554 360; x_wconf 90' lang='lat' dir='ltr'>in</span> <span class='ocrx_word' id='word_1_7' title='bbox 593 320 725 370; x_wconf 89' lang='lat' dir='ltr'>primis</span> <span class='ocrx_word' id='word_1_8' title='bbox 761 331 806 358; x_wconf 88' lang='lat' dir='ltr'>ex</span> <span class='ocrx_word' id='word_1_9' title='bbox 851 329 897 357; x_wconf 88' lang='lat' dir='ltr'>eo</span> <span class='ocrx_word' id='word_1_10' title='bbox 942 319 1045 366; x_wconf 90' lang='lat' dir='ltr'>quod</span> <span class='ocrx_word' id='word_1_11' title='bbox 1089 329 1175 357; x_wconf 88' lang='lat' dir='ltr'>eum</span> 
     </span>
     <span class='ocr_line' id='line_1_3' title="bbox 64 390 1177 446; baseline -0.004 -15"><span class='ocrx_word' id='word_1_12' title='bbox 64 392 231 431; x_wconf 87' lang='lat' dir='ltr'>aedificio</span> <span class='ocrx_word' id='word_1_13' title='bbox 275 393 434 440; x_wconf 83' lang='lat' dir='ltr'>quodam</span> <span class='ocrx_word' id='word_1_14' title='bbox 475 391 652 438; x_wconf 83' lang='lat' dir='ltr'>donavit,</span> <span class='ocrx_word' id='word_1_15' title='bbox 694 391 797 446; x_wconf 88' lang='lat' dir='ltr'>quod</span> <span class='ocrx_word' id='word_1_16' title='bbox 829 390 933 438; x_wconf 85' lang='lat' dir='ltr'>ipse,</span> <span class='ocrx_word' id='word_1_17' title='bbox 980 397 1177 437; x_wconf 88' lang='lat' dir='ltr'>antequam</span> 
     </span>
     <span class='ocr_line' id='line_1_4' title="bbox 66 459 1176 508; baseline -0.005 -6"><span class='ocrx_word' id='word_1_18' title='bbox 66 464 203 502; x_wconf 88' lang='lat' dir='ltr'>Caesar</span> <span class='ocrx_word' id='word_1_19' title='bbox 237 472 381 500; x_wconf 91' lang='lat' dir='ltr'>creatus</span> <span class='ocrx_word' id='word_1_20' title='bbox 417 469 540 508; x_wconf 87' lang='lat' dir='ltr'>esset,</span> <span class='ocrx_word' id='word_1_21' title='bbox 577 460 820 499; x_wconf 86' lang='lat' dir='ltr'>habitaverat.</span> <span class='ocrx_word' id='word_1_22' title='bbox 874 460 990 498; x_wconf 93' lang='lat' dir='ltr'>Porro</span> <span class='ocrx_word' id='word_1_23' title='bbox 1020 460 1053 497; x_wconf 89' lang='lat' dir='ltr'>ei</span> <span class='ocrx_word' id='word_1_24' title='bbox 1082 459 1176 497; x_wconf 88' lang='lat' dir='ltr'>civis</span> 
     </span>
     <span class='ocr_line' id='line_1_5' title="bbox 64 527 1180 583; baseline -0.005 -11"><span class='ocrx_word' id='word_1_25' title='bbox 64 533 226 572; x_wconf 86' lang='lat' dir='ltr'>Romani</span> <span class='ocrx_word' id='word_1_26' title='bbox 259 534 342 583; x_wconf 86' lang='lat' dir='ltr'>jura</span> <span class='ocrx_word' id='word_1_27' title='bbox 369 530 557 570; x_wconf 89' lang='lat' dir='ltr'>concessit</span> <span class='ocrx_word' id='word_1_28' title='bbox 593 541 835 578; x_wconf 87' lang='lat' dir='ltr'>annuumque</span> <span class='ocrx_word' id='word_1_29' title='bbox 871 530 1028 568; x_wconf 88' lang='lat' dir='ltr'>reditum</span> <span class='ocrx_word' id='word_1_30' title='bbox 1063 527 1180 578; x_wconf 85' lang='lat' dir='ltr'>assig-</span> 
     </span>
     <span class='ocr_line' id='line_1_6' title="bbox 65 601 281 652; baseline 0.005 -12"><span class='ocrx_word' id='word_1_31' title='bbox 65 603 168 641; x_wconf 88' lang='lat' dir='ltr'><strong>navit</strong></span> <span class='ocrx_word' id='word_1_32' title='bbox 195 601 281 652; x_wconf 83' lang='lat'>(1).</span> 
     </span>
    </p>

    <p class='ocr_par' dir='ltr' id='par_1_3' title="bbox 32 670 1197 1560">
     <span class='ocr_line' id='line_1_7' title="bbox 116 670 1182 721; baseline -0.005 -10"><span class='ocrx_word' id='word_1_33' title='bbox 116 673 185 711; x_wconf 93' lang='lat' dir='ltr'>Uti</span> <span class='ocrx_word' id='word_1_34' title='bbox 211 674 326 721; x_wconf 89' lang='lat' dir='ltr'>vulgo</span> <span class='ocrx_word' id='word_1_35' title='bbox 361 671 512 718; x_wconf 85' lang='lat' dir='ltr'>evenit,</span> <span class='ocrx_word' id='word_1_36' title='bbox 534 670 724 720; x_wconf 79' lang='lat' dir='ltr'>Josephus</span> <span class='ocrx_word' id='word_1_37' title='bbox 753 670 869 708; x_wconf 88' lang='lat' dir='ltr'>multa</span> <span class='ocrx_word' id='word_1_38' title='bbox 897 679 1096 718; x_wconf 86' lang='lat' dir='ltr'>perpassus</span> <span class='ocrx_word' id='word_1_39' title='bbox 1124 677 1182 706; x_wconf 92' lang='lat' dir='ltr'>est</span> 
     </span>
     <span class='ocr_line' id='line_1_8' title="bbox 66 738 1179 792; baseline -0.005 -11"><span class='ocrx_word' id='word_1_40' title='bbox 66 741 113 781; x_wconf 92' lang='lat' dir='ltr'>ab</span> <span class='ocrx_word' id='word_1_41' title='bbox 145 742 191 781; x_wconf 91' lang='lat' dir='ltr'>iis</span> <span class='ocrx_word' id='word_1_42' title='bbox 220 743 284 790; x_wconf 90' lang='lat' dir='ltr'>qui</span> <span class='ocrx_word' id='word_1_43' title='bbox 317 743 397 792; x_wconf 88' lang='lat' dir='ltr'>ejus</span> <span class='ocrx_word' id='word_1_44' title='bbox 433 741 604 779; x_wconf 88' lang='lat' dir='ltr'>fortunae</span> <span class='ocrx_word' id='word_1_45' title='bbox 632 748 670 778; x_wconf 91' lang='lat' dir='ltr'>et</span> <span class='ocrx_word' id='word_1_46' title='bbox 699 738 935 788; x_wconf 85' lang='lat' dir='ltr'>prosperitati</span> <span class='ocrx_word' id='word_1_47' title='bbox 960 738 1179 776; x_wconf 89' lang='lat' dir='ltr'>inviderent.</span> 
     </span>
     <span class='ocr_line' id='line_1_9' title="bbox 68 807 1185 861; baseline -0.004 -12"><span class='ocrx_word' id='word_1_48' title='bbox 68 811 155 859; x_wconf 92' lang='lat' dir='ltr'>Sic,</span> <span class='ocrx_word' id='word_1_49' title='bbox 194 823 233 850; x_wconf 89' lang='lat' dir='ltr'>v.</span> <span class='ocrx_word' id='word_1_50' title='bbox 262 822 299 859; x_wconf 90' lang='lat' dir='ltr'>g.</span> <span class='ocrx_word' id='word_1_51' title='bbox 332 811 539 861; x_wconf 73' lang='lat' dir='ltr'>jonathas,</span> <span class='ocrx_word' id='word_1_52' title='bbox 590 819 688 847; x_wconf 90' lang='lat' dir='ltr'>unus</span> <span class='ocrx_word' id='word_1_53' title='bbox 724 819 769 847; x_wconf 82' lang='lat' dir='ltr'>ex</span> <span class='ocrx_word' id='word_1_54' title='bbox 796 807 868 854; x_wconf 87' lang='lat' dir='ltr'>iis,</span> <span class='ocrx_word' id='word_1_55' title='bbox 921 807 989 855; x_wconf 91' lang='lat' dir='ltr'>qui</span> <span class='ocrx_word' id='word_1_56' title='bbox 1027 807 1185 846; x_wconf 81' lang='lat' dir='ltr'>maxime</span> 
     </span>
     <span class='ocr_line' id='line_1_10' title="bbox 67 875 1185 930; baseline -0.004 -11"><span class='ocrx_word' id='word_1_57' title='bbox 67 892 138 930; x_wconf 85' lang='lat' dir='ltr'>pro</span> <span class='ocrx_word' id='word_1_58' title='bbox 175 881 343 919; x_wconf 86' lang='lat' dir='ltr'>libertate</span> <span class='ocrx_word' id='word_1_59' title='bbox 375 887 635 929; x_wconf 89' lang='lat' dir='ltr'>pugnaverunt</span> <span class='ocrx_word' id='word_1_60' title='bbox 664 886 724 924; x_wconf 88' lang='lat' dir='ltr'>et,</span> <span class='ocrx_word' id='word_1_61' title='bbox 761 887 961 926; x_wconf 87' lang='lat' dir='ltr'>postquam</span> <span class='ocrx_word' id='word_1_62' title='bbox 984 888 1028 915; x_wconf 85' lang='lat' dir='ltr'>ex</span> <span class='ocrx_word' id='word_1_63' title='bbox 1049 875 1185 925; x_wconf 83' lang='lat' dir='ltr'>Judaea</span> 
     </span>
     <span class='ocr_line' id='line_1_11' title="bbox 68 945 1197 1000; baseline -0.004 -11"><span class='ocrx_word' id='word_1_64' title='bbox 68 950 228 999; x_wconf 86' lang='lat' dir='ltr'>fugisset</span> <span class='ocrx_word' id='word_1_65' title='bbox 257 952 424 1000; x_wconf 88' lang='lat' dir='ltr'>Cyrenes</span> <span class='ocrx_word' id='word_1_66' title='bbox 457 949 677 988; x_wconf 87' lang='lat' dir='ltr'>seditionem</span> <span class='ocrx_word' id='word_1_67' title='bbox 706 956 872 986; x_wconf 90' lang='lat' dir='ltr'>moverat</span> <span class='ocrx_word' id='word_1_68' title='bbox 898 945 999 996; x_wconf 63' lang='grc' dir='ltr'>(ε),</span> <span class='ocrx_word' id='word_1_69' title='bbox 1033 947 1197 985; x_wconf 83' lang='lat' dir='ltr'>adversa</span> 
     </span>
     <span class='ocr_line' id='line_1_12' title="bbox 32 1016 1184 1067; baseline -0.006 -8"><span class='ocrx_word' id='word_1_70' title='bbox 32 1022 35 1025; x_wconf 75' lang='grc'><strong><em>’</em></strong></span> <span class='ocrx_word' id='word_1_71' title='bbox 67 1020 218 1059; x_wconf 87' lang='lat' dir='ltr'>fortuna</span> <span class='ocrx_word' id='word_1_72' title='bbox 242 1031 359 1067; x_wconf 86' lang='lat' dir='ltr'>usus,</span> <span class='ocrx_word' id='word_1_73' title='bbox 385 1020 559 1067; x_wconf 87' lang='lat' dir='ltr'>captivus</span> <span class='ocrx_word' id='word_1_74' title='bbox 586 1019 632 1056; x_wconf 91' lang='lat' dir='ltr'>ad</span> <span class='ocrx_word' id='word_1_75' title='bbox 656 1020 914 1066; x_wconf 81' lang='lat' dir='ltr'>imperatorem</span> <span class='ocrx_word' id='word_1_76' title='bbox 945 1016 1082 1054; x_wconf 86' lang='lat' dir='ltr'>missus</span> <span class='ocrx_word' id='word_1_77' title='bbox 1112 1023 1184 1053; x_wconf 89' lang='lat' dir='ltr'>est.</span> 
     </span>
     <span class='ocr_line' id='line_1_13' title="bbox 71 1085 1188 1140; baseline -0.007 -10"><span class='ocrx_word' id='word_1_78' title='bbox 71 1092 171 1131; x_wconf 90' lang='lat' dir='ltr'>Cum</span> <span class='ocrx_word' id='word_1_79' title='bbox 208 1091 458 1140; x_wconf 85' lang='lat' dir='ltr'>Vespasianus</span> <span class='ocrx_word' id='word_1_80' title='bbox 486 1101 570 1128; x_wconf 89' lang='lat' dir='ltr'>eum</span> <span class='ocrx_word' id='word_1_81' title='bbox 593 1089 879 1136; x_wconf 81' lang='lat' dir='ltr'>interrogasset,</span> <span class='ocrx_word' id='word_1_82' title='bbox 906 1087 1104 1125; x_wconf 88' lang='lat' dir='ltr'>declaravit</span> <span class='ocrx_word' id='word_1_83' title='bbox 1121 1085 1188 1134; x_wconf 86' lang='lat' dir='ltr'>Jo—</span> 
     </span>
     <span class='ocr_line' id='line_1_14' title="bbox 69 1155 1189 1210; baseline -0.007 -10"><span class='ocrx_word' id='word_1_84' title='bbox 69 1161 227 1210; x_wconf 86' lang='lat' dir='ltr'>sephum</span> <span class='ocrx_word' id='word_1_85' title='bbox 259 1172 356 1199; x_wconf 89' lang='lat' dir='ltr'>arma</span> <span class='ocrx_word' id='word_1_86' title='bbox 382 1169 418 1198; x_wconf 91' lang='lat' dir='ltr'>et</span> <span class='ocrx_word' id='word_1_87' title='bbox 445 1159 638 1209; x_wconf 85' lang='lat' dir='ltr'>pecuniam</span> <span class='ocrx_word' id='word_1_88' title='bbox 674 1157 707 1195; x_wconf 91' lang='lat' dir='ltr'>ei</span> <span class='ocrx_word' id='word_1_89' title='bbox 736 1158 995 1206; x_wconf 85' lang='lat' dir='ltr'>suppeditasse</span> <span class='ocrx_word' id='word_1_90' title='bbox 1021 1164 1058 1193; x_wconf 89' lang='lat' dir='ltr'>et</span> <span class='ocrx_word' id='word_1_91' title='bbox 1076 1155 1189 1193; x_wconf 83' lang='lat' dir='ltr'>insu-</span> 
     </span>
     <span class='ocr_line' id='line_1_15' title="bbox 71 1228 1188 1280; baseline -0.007 -10"><span class='ocrx_word' id='word_1_92' title='bbox 71 1242 140 1280; x_wconf 89' lang='lat' dir='ltr'>per</span> <span class='ocrx_word' id='word_1_93' title='bbox 182 1242 263 1269; x_wconf 90' lang='lat' dir='ltr'>esse</span> <span class='ocrx_word' id='word_1_94' title='bbox 307 1229 502 1269; x_wconf 89' lang='lat' dir='ltr'>seditionis</span> <span class='ocrx_word' id='word_1_95' title='bbox 548 1237 750 1266; x_wconf 88' lang='lat' dir='ltr'>auctorem.</span> <span class='ocrx_word' id='word_1_96' title='bbox 830 1228 929 1265; x_wconf 89' lang='lat' dir='ltr'>Cum</span> <span class='ocrx_word' id='word_1_97' title='bbox 970 1234 1090 1264; x_wconf 87' lang='lat' dir='ltr'>autem</span> <span class='ocrx_word' id='word_1_98' title='bbox 1129 1236 1188 1262; x_wconf 89' lang='lat' dir='ltr'>res</span> 
     </span>
     <span class='ocr_line' id='line_1_16' title="bbox 69 1295 1188 1347; baseline -0.005 -9"><span class='ocrx_word' id='word_1_99' title='bbox 69 1301 164 1338; x_wconf 92' lang='lat' dir='ltr'>bene</span> <span class='ocrx_word' id='word_1_100' title='bbox 199 1308 297 1338; x_wconf 87' lang='lat' dir='ltr'>esset</span> <span class='ocrx_word' id='word_1_101' title='bbox 331 1298 538 1347; x_wconf 89' lang='lat' dir='ltr'>inquisita,</span> <span class='ocrx_word' id='word_1_102' title='bbox 585 1297 733 1346; x_wconf 86' lang='lat' dir='ltr'>patebat</span> <span class='ocrx_word' id='word_1_103' title='bbox 768 1295 954 1345; x_wconf 89' lang='lat' dir='ltr'>Jonathan</span> <span class='ocrx_word' id='word_1_104' title='bbox 993 1295 1188 1333; x_wconf 88' lang='lat' dir='ltr'>mentitum</span> 
     </span>
     <span class='ocr_line' id='line_1_17' title="bbox 69 1364 1190 1418; baseline -0.006 -9"><span class='ocrx_word' id='word_1_105' title='bbox 69 1369 217 1418; x_wconf 85' lang='lat' dir='ltr'>fuisse,</span> <span class='ocrx_word' id='word_1_106' title='bbox 248 1380 362 1418; x_wconf 89' lang='lat' dir='ltr'>quare</span> <span class='ocrx_word' id='word_1_107' title='bbox 380 1368 515 1417; x_wconf 87' lang='lat' dir='ltr'>capitis</span> <span class='ocrx_word' id='word_1_108' title='bbox 544 1369 737 1406; x_wconf 85' lang='lat' dir='ltr'>damnatus</span> <span class='ocrx_word' id='word_1_109' title='bbox 759 1375 831 1405; x_wconf 88' lang='lat' dir='ltr'>est.</span> <span class='ocrx_word' id='word_1_110' title='bbox 870 1367 1018 1404; x_wconf 89' lang='lat' dir='ltr'>Multae</span> <span class='ocrx_word' id='word_1_111' title='bbox 1037 1364 1190 1402; x_wconf 87' lang='lat' dir='ltr'>fuerunt</span> 
     </span>
     <span class='ocr_line' id='line_1_18' title="bbox 70 1435 1189 1486; baseline -0.004 -8"><span class='ocrx_word' id='word_1_112' title='bbox 70 1440 155 1479; x_wconf 92' lang='lat' dir='ltr'>dein</span> <span class='ocrx_word' id='word_1_113' title='bbox 189 1441 296 1479; x_wconf 88' lang='lat' dir='ltr'>etiam</span> <span class='ocrx_word' id='word_1_114' title='bbox 332 1439 586 1478; x_wconf 89' lang='lat' dir='ltr'>accusationes</span> <span class='ocrx_word' id='word_1_115' title='bbox 626 1449 754 1475; x_wconf 90' lang='lat' dir='ltr'>eorum</span> <span class='ocrx_word' id='word_1_116' title='bbox 785 1437 850 1486; x_wconf 90' lang='lat' dir='ltr'>qui</span> <span class='ocrx_word' id='word_1_117' title='bbox 884 1436 917 1474; x_wconf 91' lang='lat' dir='ltr'>ei</span> <span class='ocrx_word' id='word_1_118' title='bbox 945 1435 1189 1483; x_wconf 87' lang='lat' dir='ltr'>invidebant,</span> 
     </span>
     <span class='ocr_line' id='line_1_19' title="bbox 76 1501 1013 1560; baseline -0.005 -12"><span class='ocrx_word' id='word_1_119' title='bbox 76 1519 113 1549; x_wconf 89' lang='lat' dir='ltr'>at</span> <span class='ocrx_word' id='word_1_120' title='bbox 149 1521 296 1560; x_wconf 89' lang='lat' dir='ltr'>semper</span> <span class='ocrx_word' id='word_1_121' title='bbox 324 1522 370 1548; x_wconf 86' lang='lat' dir='ltr'>ex</span> <span class='ocrx_word' id='word_1_122' title='bbox 392 1509 569 1548; x_wconf 87' lang='lat' dir='ltr'>omnibus</span> <span class='ocrx_word' id='word_1_123' title='bbox 601 1519 733 1556; x_wconf 90' lang='lat' dir='ltr'>sospes</span> <span class='ocrx_word' id='word_1_124' title='bbox 767 1506 883 1545; x_wconf 88' lang='lat' dir='ltr'>evasit</span> <span class='ocrx_word' id='word_1_125' title='bbox 909 1501 1013 1556; x_wconf 56' lang='lat'>(3).⁴</span> 
     </span>
    </p>

    <p class='ocr_par' dir='ltr' id='par_1_4' title="bbox 71 1574 1195 1979">
     <span class='ocr_line' id='line_1_20' title="bbox 124 1574 1193 1627; baseline -0.007 -9"><span class='ocrx_word' id='word_1_126' title='bbox 124 1581 210 1618; x_wconf 89' lang='lat' dir='ltr'>Huc</span> <span class='ocrx_word' id='word_1_127' title='bbox 244 1590 366 1627; x_wconf 92' lang='lat' dir='ltr'>usque</span> <span class='ocrx_word' id='word_1_128' title='bbox 405 1589 525 1618; x_wconf 91' lang='lat' dir='ltr'>tamen</span> <span class='ocrx_word' id='word_1_129' title='bbox 561 1575 798 1616; x_wconf 86' lang='lat' dir='ltr'>matrimonio</span> <span class='ocrx_word' id='word_1_130' title='bbox 838 1586 915 1614; x_wconf 91' lang='lat' dir='ltr'>non</span> <span class='ocrx_word' id='word_1_131' title='bbox 951 1574 1052 1612; x_wconf 90' lang='lat' dir='ltr'>felici</span> <span class='ocrx_word' id='word_1_132' title='bbox 1086 1574 1193 1623; x_wconf 68' lang='lat' dir='ltr'>Junc—</span> 
     </span>
     <span class='ocr_line' id='line_1_21' title="bbox 72 1645 1193 1696; baseline -0.006 -7"><span class='ocrx_word' id='word_1_133' title='bbox 72 1660 134 1689; x_wconf 91' lang='lat' dir='ltr'>tus</span> <span class='ocrx_word' id='word_1_134' title='bbox 168 1649 304 1689; x_wconf 90' lang='lat' dir='ltr'>fuerat.</span> <span class='ocrx_word' id='word_1_135' title='bbox 387 1649 457 1687; x_wconf 93' lang='lat' dir='ltr'>Uti</span> <span class='ocrx_word' id='word_1_136' title='bbox 498 1660 610 1696; x_wconf 84' lang='lat' dir='ltr'>supra</span> <span class='ocrx_word' id='word_1_137' title='bbox 653 1648 812 1686; x_wconf 88' lang='lat' dir='ltr'>vidimus</span> <span class='ocrx_word' id='word_1_138' title='bbox 868 1645 942 1696; x_wconf 82' lang='lat'>(4)</span> <span class='ocrx_word' id='word_1_139' title='bbox 993 1646 1193 1685; x_wconf 85' lang='lat' dir='ltr'>Caesareae</span> 
     </span>
     <span class='ocr_line' id='line_1_22' title="bbox 71 1715 1192 1770; baseline -0.009 -10"><span class='ocrx_word' id='word_1_140' title='bbox 71 1721 255 1770; x_wconf 88' lang='lat' dir='ltr'>captivam</span> <span class='ocrx_word' id='word_1_141' title='bbox 285 1731 440 1760; x_wconf 86' lang='lat' dir='ltr'>uxorem</span> <span class='ocrx_word' id='word_1_142' title='bbox 475 1718 650 1764; x_wconf 89' lang='lat' dir='ltr'>duxerat,</span> <span class='ocrx_word' id='word_1_143' title='bbox 681 1729 789 1765; x_wconf 89' lang='lat' dir='ltr'>quarn</span> <span class='ocrx_word' id='word_1_144' title='bbox 824 1727 913 1754; x_wconf 89' lang='lat' dir='ltr'>vero</span> <span class='ocrx_word' id='word_1_145' title='bbox 948 1715 1031 1753; x_wconf 91' lang='lat' dir='ltr'>dein</span> <span class='ocrx_word' id='word_1_146' title='bbox 1062 1725 1192 1752; x_wconf 85' lang='lat' dir='ltr'>rursus</span> 
     </span>
     <span class='ocr_line' id='line_1_23' title="bbox 76 1785 1193 1839; baseline -0.007 -10"><span class='ocrx_word' id='word_1_147' title='bbox 76 1790 262 1830; x_wconf 89' lang='lat' dir='ltr'>amiserat.</span> <span class='ocrx_word' id='word_1_148' title='bbox 340 1789 467 1839; x_wconf 88' lang='lat' dir='ltr'>Quum</span> <span class='ocrx_word' id='word_1_149' title='bbox 512 1797 633 1825; x_wconf 89' lang='lat' dir='ltr'>autem</span> <span class='ocrx_word' id='word_1_150' title='bbox 681 1785 924 1824; x_wconf 82' lang='lat' dir='ltr'>Alexandriae</span> <span class='ocrx_word' id='word_1_151' title='bbox 969 1793 1065 1823; x_wconf 91' lang='lat' dir='ltr'>esset</span> <span class='ocrx_word' id='word_1_152' title='bbox 1108 1795 1193 1821; x_wconf 86' lang='lat' dir='ltr'>curn</span> 
     </span>
     <span class='ocr_line' id='line_1_24' title="bbox 73 1855 1194 1910; baseline -0.007 -11"><span class='ocrx_word' id='word_1_153' title='bbox 73 1859 332 1910; x_wconf 84' lang='lat' dir='ltr'>Vespasiano,</span> <span class='ocrx_word' id='word_1_154' title='bbox 359 1858 467 1905; x_wconf 82' lang='lat' dir='ltr'>duxit</span> <span class='ocrx_word' id='word_1_155' title='bbox 501 1858 606 1896; x_wconf 87' lang='lat' dir='ltr'>aliam</span> <span class='ocrx_word' id='word_1_156' title='bbox 648 1869 756 1905; x_wconf 90' lang='lat' dir='ltr'>quam</span> <span class='ocrx_word' id='word_1_157' title='bbox 791 1856 854 1895; x_wconf 90' lang='lat' dir='ltr'>diu</span> <span class='ocrx_word' id='word_1_158' title='bbox 889 1855 1043 1901; x_wconf 83' lang='lat' dir='ltr'>habuit,</span> <span class='ocrx_word' id='word_1_159' title='bbox 1083 1864 1119 1892; x_wconf 92' lang='lat' dir='ltr'>et</span> <span class='ocrx_word' id='word_1_160' title='bbox 1148 1866 1194 1892; x_wconf 81' lang='lat' dir='ltr'>ex</span> 
     </span>
     <span class='ocr_line' id='line_1_25' title="bbox 78 1927 1195 1979; baseline -0.005 -9"><span class='ocrx_word' id='word_1_161' title='bbox 78 1942 152 1979; x_wconf 88' lang='lat' dir='ltr'>qua</span> <span class='ocrx_word' id='word_1_162' title='bbox 181 1939 257 1968; x_wconf 89' lang='lat' dir='ltr'>tres</span> <span class='ocrx_word' id='word_1_163' title='bbox 291 1929 420 1979; x_wconf 85' lang='lat' dir='ltr'>genuit</span> <span class='ocrx_word' id='word_1_164' title='bbox 460 1927 584 1976; x_wconf 89' lang='lat' dir='ltr'>filios,</span> <span class='ocrx_word' id='word_1_165' title='bbox 638 1939 800 1976; x_wconf 87' lang='lat' dir='ltr'>quorum</span> <span class='ocrx_word' id='word_1_166' title='bbox 841 1928 915 1966; x_wconf 91' lang='lat' dir='ltr'>duo</span> <span class='ocrx_word' id='word_1_167' title='bbox 951 1928 1064 1975; x_wconf 88' lang='lat' dir='ltr'>paulo</span> <span class='ocrx_word' id='word_1_168' title='bbox 1104 1936 1195 1976; x_wconf 83' lang='lat' dir='ltr'>post</span> 
     </span>
    </p>

    <p class='ocr_par' dir='ltr' id='par_1_5' title="bbox 1096 1995 1192 2034">
     <span class='ocr_line' id='line_1_26' title="bbox 1096 1995 1192 2034; baseline 0 -1"><span class='ocrx_word' id='word_1_169' title='bbox 1096 1995 1192 2034; x_wconf 88' lang='lat' dir='ltr'>diem</span> 
     </span>
    </p>
   </div>
   <div class='ocr_carea' id='block_1_3' title="bbox 72 2127 690 2393">
    <p class='ocr_par' dir='ltr' id='par_1_6' title="bbox 72 2127 690 2393">
     <span class='ocr_line' id='line_1_27' title="bbox 113 2127 619 2170; baseline -0.006 -11"><span class='ocrx_word' id='word_1_170' title='bbox 113 2129 166 2170; x_wconf 87' lang='lat'>(1)</span> <span class='ocrx_word' id='word_1_171' title='bbox 186 2131 238 2160; x_wconf 87' lang='lat' dir='ltr'>cf.</span> <span class='ocrx_word' id='word_1_172' title='bbox 258 2132 326 2170; x_wconf 89' lang='lat' dir='ltr'>Jos.</span> <span class='ocrx_word' id='word_1_173' title='bbox 351 2128 382 2158; x_wconf 87' lang='lat' dir='ltr'>in</span> <span class='ocrx_word' id='word_1_174' title='bbox 406 2127 488 2163; x_wconf 81' lang='lat' dir='ltr'>vita,</span> <span class='ocrx_word' id='word_1_175' title='bbox 519 2127 548 2162; x_wconf 87' lang='lat'>§.</span> <span class='ocrx_word' id='word_1_176' title='bbox 568 2128 619 2159; x_wconf 71' lang='lat'>76.</span> 
     </span>
     <span class='ocr_line' id='line_1_28' title="bbox 117 2178 690 2227; baseline -0.01 -11"><span class='ocrx_word' id='word_1_177' title='bbox 117 2188 172 2226; x_wconf 84' lang='lat'>(2)</span> <span class='ocrx_word' id='word_1_178' title='bbox 191 2189 231 2218; x_wconf 89' lang='lat' dir='ltr'>v.</span> <span class='ocrx_word' id='word_1_179' title='bbox 253 2188 330 2216; x_wconf 74' lang='lat' dir='ltr'>neu.</span> <span class='ocrx_word' id='word_1_180' title='bbox 355 2187 426 2224; x_wconf 78' lang='lat' dir='ltr'>Jud.</span> <span class='ocrx_word' id='word_1_181' title='bbox 451 2185 524 2214; x_wconf 84' lang='lat' dir='ltr'>vu.</span> <span class='ocrx_word' id='word_1_182' title='bbox 552 2192 595 2227; x_wconf 54' lang='grc' dir='ltr'>ις.</span> <span class='ocrx_word' id='word_1_183' title='bbox 620 2178 648 2221; x_wconf 85' lang='lat'>§.</span> <span class='ocrx_word' id='word_1_184' title='bbox 667 2190 690 2210; x_wconf 83' lang='lat'>1-</span> 
     </span>
     <span class='ocr_line' id='line_1_29' title="bbox 117 2241 520 2281; baseline -0.002 -8"><span class='ocrx_word' id='word_1_185' title='bbox 117 2244 170 2281; x_wconf 80' lang='grc'>(3)</span> <span class='ocrx_word' id='word_1_186' title='bbox 189 2244 240 2273; x_wconf 83' lang='lat' dir='ltr'>ef.</span> <span class='ocrx_word' id='word_1_187' title='bbox 265 2243 296 2272; x_wconf 85' lang='lat' dir='ltr'>in</span> <span class='ocrx_word' id='word_1_188' title='bbox 324 2242 403 2277; x_wconf 82' lang='lat' dir='ltr'>vita,</span> <span class='ocrx_word' id='word_1_189' title='bbox 423 2241 449 2273; x_wconf 77' lang='lat'>§-</span> <span class='ocrx_word' id='word_1_190' title='bbox 473 2244 520 2277; x_wconf 83' lang='lat'>76.</span> 
     </span>
     <span class='ocr_line' id='line_1_30' title="bbox 72 2296 520 2338; baseline -0.007 -8"><span class='ocrx_word' id='word_1_191' title='bbox 72 2323 73 2326; x_wconf 21' lang='grc' dir='ltr'>η</span> <span class='ocrx_word' id='word_1_192' title='bbox 119 2300 172 2338; x_wconf 83' lang='lat'>(4)</span> <span class='ocrx_word' id='word_1_193' title='bbox 194 2300 245 2330; x_wconf 83' lang='lat' dir='ltr'>Cf.</span> <span class='ocrx_word' id='word_1_194' title='bbox 267 2296 298 2337; x_wconf 71' lang='lat'>§0</span> <span class='ocrx_word' id='word_1_195' title='bbox 322 2307 367 2330; x_wconf 84' lang='lat' dir='ltr'>xo.</span> <span class='ocrx_word' id='word_1_196' title='bbox 385 2306 451 2335; x_wconf 81' lang='lat' dir='ltr'>pag.</span> <span class='ocrx_word' id='word_1_197' title='bbox 473 2300 520 2329; x_wconf 86' lang='lat'>61.</span> 
     </span>
     <span class='ocr_line' id='line_1_31' title="bbox 592 2354 678 2393; baseline -0.012 0"><span class='ocrx_word' id='word_1_198' title='bbox 592 2354 625 2393; x_wconf 90' lang='lat' dir='ltr'>E</span> <span class='ocrx_word' id='word_1_199' title='bbox 656 2364 678 2392; x_wconf 81' lang='lat'><em>2</em></span> 
     </span>
    </p>
   </div>
  </div>
 </body>
</html>
