1487 2703
163 166 232 203 140
385 152 1048 192 COMMENTATIO

161 263 359 312 impediant
396 271 601 300 crustarum
636 261 896 300 formationem
930 273 952 300 e
977 261 1117 299 salibus
1154 261 1269 299 calca·

154 334 253 379 reis,
283 345 374 380 quae
396 344 495 370 nunc
521 333 668 380 liquore
699 330 841 369 viscido
871 331 1156 378 obvolvuntur,
1188 342 1265 379 quo

153 403 275 441 minus
302 403 495 440 adhaerere
519 401 682 450 possint.
711 402 780 448 (ι)
817 400 957 438 Eadem
983 401 1124 439 ratione
1145 401 1269 448 quoti·

153 475 212 510 die
235 473 281 510 iis
302 481 484 518 utuntur,
516 480 556 509 ut
594 472 708 509 ahena
741 469 989 509 machinarum
1020 469 1270 519 pneumatica-

153 554 234 580 rum
259 551 388 580 contra
421 540 709 579 incrustationes
747 550 782 579 et
807 539 1076 590 perforationes
1105 540 1191 578 inde
1213 537 1270 577 fa-

152 614 223 651 cile
243 621 437 666 secuturas
463 620 651 650 tueantur.

206 684 339 729 Aeque
375 693 415 719 ac
444 682 681 728 textoribus,
730 692 937 729 pannorum
972 680 1267 730 gossypinorum

154 751 362 800 pictoribus
373 751 552 789 inservire
562 759 690 800 potest
701 751 839 800 gummi
860 751 1005 799 species
1022 779 1033 797 ‚
1047 762 1156 798 quam
1171 762 1191 788 e
1207 751 1271 789 So-

153 823 251 860 lanis
264 830 599 869 praeparaverunt3
620 822 807 859 meliorem
831 829 952 859 autem
976 821 1107 859 dicunt
1124 849 1138 868 ,
1159 832 1269 869 quam

156 903 175 928 e
199 891 320 928 baccis
342 892 620 938 acquisiverunt
643 892 718 929 alii.
744 912 798 921 —-
824 893 880 930 De
911 892 1058 930 Solanis
1084 878 1268 930 caeterum

159 962 296 1007 tostis,
324 963 432 1008 potui
462 961 612 1000 Caffeae
650 961 926 1008 immiscendis‚
968 972 1090 1009 neque
1125 962 1172 1000 de
1208 972 1272 999 eo-

156 1042 236 1068 rum
258 1032 527 1079 cataplasmatis
551 1032 665 1069 instar
682 1030 907 1069 adhibitione
931 1032 1064 1070 dicam.
1081 1054 1132 1062 —
1158 1023 1269 1069 Kels

158 1102 386 1152 Gottingae,
427 1113 470 1139 ex
505 1101 732 1149 tegumentis
772 1101 942 1139 tuberum
990 1100 1094 1139 rubri
1129 1101 1268 1140 coloris

155 1171 228 1209 sibi
252 1172 393 1220 paravit
420 1171 584 1209 colorem
608 1182 754 1208 roseum
774 1198 786 1217 ‚
813 1171 902 1209 satis
938 1170 1206 1209 immutabilem
1230 1180 1268 1208 et

154 1242 328 1281 idoneum
350 1243 394 1279 ad
407 1251 551 1290 pannos
567 1242 691 1279 laneos
705 1249 777 1278 etc.
801 1240 1025 1289 tingendos;
1049 1249 1160 1289 atque
1181 1242 1268 1289 pul-

150 1313 241 1350 chre
282 1312 418 1350 flavum
454 1322 474 1348 e
506 1310 660 1349 floribus
692 1310 861 1347 contusis
895 1319 932 1347 et
966 1309 1152 1358 expressis
1178 1309 1264 1348 che-

120 1420 123 1425 ,
155 1381 272 1419 micus
297 1381 446 1429 quidem
476 1380 696 1431 Hafnienst‘s
729 1378 946 1426 acquisivit.
976 1380 1062 1428 (2).

203 1450 327 1490 Etiam
363 1451 476 1487 herba
512 1450 641 1488 Solam·
666 1449 827 1487 tuberosi
853 1460 920 1486 sua
951 1456 1142 1497 praestat3
1173 1459 1262 1489 sunt

155 1521 295 1560 scilicet
334 1520 398 1567 qui
424 1520 623 1566 insistant,
664 1529 706 1557 ut
738 1527 826 1567 post
853 1529 1008 1556 messem
1045 1519 1157 1558 simul
1181 1531 1266 1559 cum

156 1582 302 1630 effossis
336 1589 521 1628 radicibus
562 1590 698 1628 Tritici
739 1591 900 1640 repentis
941 1588 979 1627 in
1027 1589 1141 1638 pratis
1176 1600 1268 1632 con·

1167 1671 1270 1708 sper-

193 1783 243 1820 (1)
265 1783 314 1812 Cf.
338 1781 428 1810 Dict.
448 1781 577 1808 tccsznol.
604 1781 628 1808 1.
660 1787 688 1807 c.
711 1786 779 1814 pag.
809 1787 877 1816 400.
913 1791 953 1802 —
981 1780 1019 1808 G.
1051 1779 1267 1809 Nieuwen·

155 1841 261 1875 huis,
280 1839 501 1868 Woordenboek
519 1846 580 1866 van
600 1837 729 1866 kunuen
747 1846 782 1864 en
801 1836 984 1872 weeensclz„
1003 1837 1144 1872 Zutphen
1171 1840 1265 1872 1820,

155 1899 186 1927 in
207 1906 285 1927 voce
305 1896 524 1932 aardappelen.

191 1955 245 1993 (η)
266 1955 308 1985 Cf
331 1956 451 1989 Algem.
473 1954 573 1980 Kunst
602 1961 637 1979 en
674 1951 876 1986 Laetor-bodo,
911 1960 1003 1988 1790,
1024 1950 1074 1979 no.
1103 1957 1166 1984 130.
1194 1957 1261 1985 pag.

152 2019 220 2042 201.
243 2012 327 2048 Joh.
351 2011 432 2046 Jos.
464 2008 657 2041 Prechtl,
682 2007 877 2044 Jahrbia'clzer
903 2007 953 2034 des
971 2006 1147 2043 polyteclm.
1168 2007 1266 2034 lusu·-

159 2075 240 2096 rutes
261 2069 294 2095 in
311 2068 415 2101 Wien,
435 2066 517 2095 Band
537 2065 574 2093 11.
594 2071 658 2099 pag.
675 2063 833 2102 416,vide
851 2071 974 2099 quoque
993 2065 1105 2094 Oecon.
1125 2063 1263 2099 Neuigk.

158 2130 250 2160 1818,
282 2125 433 2159 Beilage,
454 2124 505 2150 n0.
532 2125 577 2151 13.
600 2129 668 2156 pag.
702 2128 778 2156 133,
799 2121 836 2148 de
868 2120 1013 2148 varietate
1044 2121 1168 2156 quadam
1197 2119 1269 2148 sive?

153 2185 253 2211 forsan
272 2183 309 2209 de
330 2180 432 2215 specie
449 2180 567 2207 diversa
588 2179 694 2205 Solam·
724 2179 874 2207 tuberosi.
898 2179 932 2207 L.
957 2186 1045 2213 quam
1066 2178 1131 2207 Indi
1151 2185 1263 2207 tantum

155 2239 288 2275 tingendi
310 2246 404 2273 scopo
428 2237 529 2264 colere
550 2238 658 2264 solent.
696 2249 698 2251 ·
